%% This BibTeX bibliography file was created using BibDesk.
%% http://bibdesk.sourceforge.net/


%% Created for Sebastian Pokutta at 2015-03-31 11:01:26 -0400 


%% Saved with string encoding Unicode (UTF-8) 



@misc{BPZ2015,
	Author = {Braun, G{\'a}bor and Pokutta, Sebastian and Zink, Daniel},
	Date-Added = {2015-03-31 15:00:29 +0000},
	Date-Modified = {2015-03-31 15:01:25 +0000},
	Journal = {{to appear in Proceedings of STOC}},
	Title = {Inapproximability of combinatorial problems
                 via small {LPs} and {SDPs}},
	Year = {2015}}

@inproceedings{Aaronson04,
	Author = {Aaronson, S.},
	Booktitle = {Proc.\ STOC 2004},
	Date-Added = {2011-10-24 14:15:24 +0000},
	Date-Modified = {2011-10-28 21:51:32 +0200},
	Pages = {465--474},
	Title = {Lower bounds for local search by quantum arguments},
	Year = {2004}}

@inproceedings{AharonovRegev04,
	Author = {Aharonov, D. and Regev, O.},
	Booktitle = {Proc.\ FOCS 2004},
	Date-Added = {2011-10-24 14:13:48 +0000},
	Date-Modified = {2011-10-28 21:53:54 +0200},
	Pages = {362--371},
	Title = {Lattice problems in {NP} $\cap$ {coNP}},
	Year = {2004}}

@book{AhujaMagnantiOrlinBook,
	Address = {Englewood Cliffs, NJ},
	Author = {Ahuja, R.K. and Magnanti, T.L. and Orlin, J.B.},
	Date-Added = {2011-10-17 21:02:34 +0200},
	Date-Modified = {2011-10-28 22:17:36 +0200},
	Note = {Theory, algorithms, and applications},
	Publisher = {Prentice Hall Inc.},
	Title = {Network flows},
	Year = {1993}}

@article{AjtaiKomlosSzemeredi1983,
	Author = {Ajtai, M. and Koml{\'o}s, J. and Szemer{\'e}di, E.},
	Date-Added = {2011-10-17 21:02:34 +0200},
	Date-Modified = {2011-10-17 21:02:34 +0200},
	Doi = {10.1007/BF02579338},
	Journal = {Combinatorica},
	Number = {1},
	Pages = {1--19},
	Title = {Sorting in {$c\,{\rm log}\,n$} parallel steps},
	Volume = {3},
	Year = {1983},
	Bdsk-Url-1 = {http://dx.doi.org/10.1007/BF02579338}}

@article{AlonYusterZwick1995,
	Author = {Alon, N. and Yuster, R. and Zwick, U.},
	Date-Added = {2011-10-17 21:02:34 +0200},
	Date-Modified = {2011-10-17 21:02:34 +0200},
	Journal = {J. ACM},
	Number = {844--856},
	Title = {Color-coding},
	Volume = {42},
	Year = {1995}}

@book{ABCCBook,
	Address = {Princeton, NJ},
	Author = {Applegate, D.L. and Bixby, R.E. and Chv{\'a}tal, V. and Cook, W.J.},
	Date-Added = {2011-10-17 21:02:34 +0200},
	Date-Modified = {2011-10-28 22:17:19 +0200},
	Publisher = {Princeton University Press},
	Series = {Princeton Series in Applied Mathematics},
	Title = {The traveling salesman problem. A computational study},
	Year = {2006}}

@book{AroraBarakBook,
	Address = {Cambridge},
	Author = {Arora, S. and Barak, B.},
	Date-Added = {2011-10-17 21:02:34 +0200},
	Date-Modified = {2011-10-17 21:02:34 +0200},
	Publisher = {Cambridge University Press},
	Title = {Computational complexity},
	Year = {2009}}

@inproceedings{AroraBollobasLovasz02,
	Author = {Arora, S. and Bollob{\'a}s, B. and Lov{\'a}sz, L.},
	Booktitle = {Proc.\ FOCS 2002},
	Date-Added = {2011-10-17 21:02:34 +0200},
	Date-Modified = {2011-10-17 21:02:34 +0200},
	Pages = {313--322},
	Title = {Proving Integrality Gaps without Knowing the Linear Program},
	Year = {2002}}

@article{ABLT2006,
	Author = {Arora, S. and Bollob{\'a}s, B. and Lov{\'a}sz, L. and Tourlakis, I.},
	Date-Added = {2011-10-17 21:02:34 +0200},
	Date-Modified = {2011-10-17 21:02:34 +0200},
	Journal = {Theory Comput.},
	Pages = {19--51},
	Title = {Proving integrality gaps without knowing the linear program},
	Volume = {2},
	Year = {2006}}

@inproceedings{arora2012computing,
	Author = {Arora, Sanjeev and Ge, Rong and Kannan, Ravindran and Moitra, Ankur},
	Booktitle = {Proceedings of the 44th symposium on Theory of Computing},
	Date-Added = {2013-03-14 01:47:31 +0000},
	Date-Modified = {2013-03-14 01:47:31 +0000},
	Organization = {ACM},
	Pages = {145--162},
	Title = {Computing a nonnegative matrix factorization--provably},
	Year = {2012}}

@article{2013arXiv1302.2340A,
	Adsnote = {Provided by the SAO/NASA Astrophysics Data System},
	Adsurl = {http://adsabs.harvard.edu/abs/2013arXiv1302.2340A},
	Archiveprefix = {arXiv},
	Author = {{Avis}, D. and {Tiwary}, H.~R.},
	Date-Added = {2013-03-14 01:36:25 +0000},
	Date-Modified = {2013-03-14 01:36:25 +0000},
	Eprint = {1302.2340},
	Journal = {ArXiv e-prints},
	Keywords = {Mathematics - Combinatorics, Computer Science - Computational Complexity},
	Month = feb,
	Primaryclass = {math.CO},
	Title = {{On the extension complexity of combinatorial polytopes}},
	Year = {2013}}

@inproceedings{BabaiFranklSimon86,
	Author = {Babai, L. and Frankl, P. and Simon, J.},
	Booktitle = {Proc.\ FOCS 1986},
	Date-Added = {2011-10-17 21:02:34 +0200},
	Date-Modified = {2011-10-28 22:18:35 +0200},
	Isbn = {0-8186-0740-8},
	Pages = {337--347},
	Title = {Complexity Classes in Communication Complexity Theory},
	Year = {1986}}

@article{Balas1998,
	Author = {Balas, E.},
	Date-Added = {2011-10-17 21:02:34 +0200},
	Date-Modified = {2011-10-28 21:57:45 +0200},
	Journal = {Discrete Appl.\ Math.},
	Pages = {1--44},
	Title = {Disjunctive programming: Properties of the convex hull of feasible points.},
	Volume = {89},
	Year = {1998}}

@article{Balas1985,
	Author = {Balas, E.},
	Date-Added = {2011-10-17 21:02:34 +0200},
	Date-Modified = {2011-10-17 21:02:34 +0200},
	Doi = {10.1137/0606047},
	Journal = {SIAM J. Algebraic Discrete Methods},
	Pages = {466--486},
	Title = {Disjunctive programming and a hierarchy of relaxations for discrete optimization problems},
	Volume = {6},
	Year = {1985},
	Bdsk-Url-1 = {http://dx.doi.org/10.1137/0606047}}

@article{BalasCeriaCornuejols1993,
	Author = {Balas, E. and Ceria, S. and Cornu{\'e}jols, G.},
	Date-Added = {2011-10-17 21:02:34 +0200},
	Date-Modified = {2011-10-17 21:02:34 +0200},
	Journal = {Math. Programming},
	Pages = {295--324},
	Title = {A lift-and-project algorithm for mixed 0-1 programs},
	Volume = {58},
	Year = {1993}}

@inproceedings{Barak10,
	Author = {Barak, B. and Braverman, M. and Chen, X. and Rao, A.},
	Booktitle = {42nd ACM Symposium on Theory of Computing},
	Pages = {67--76},
	Title = {How to compress interactive communication},
	Year = {2010}}

@article{BarYossef2004702,
	Author = {Bar-Yossef, Z. and Jayram, T.S. and Kumar, R. and Sivakumar, D.},
	Date-Added = {2012-03-28 08:36:40 +0000},
	Date-Modified = {2012-03-28 14:27:19 +0000},
	Doi = {10.1016/j.jcss.2003.11.006},
	Journal = {Journal of Computer and System Sciences},
	Number = {4},
	Pages = {702--732},
	Title = {An information statistics approach to data stream and communication complexity},
	Url = {http://www.sciencedirect.com/science/article/pii/S0022000003001855},
	Url2 = {http://citeseerx.ist.psu.edu/viewdoc/download?doi=10.1.1.87.1160&rep=rep1&type=pdf},
	Volume = {68},
	Year = {2004},
	Bdsk-Url-1 = {http://www.sciencedirect.com/science/article/pii/S0022000003001855},
	Bdsk-Url-2 = {http://dx.doi.org/10.1016/j.jcss.2003.11.006}}

@article{BeasleyLaffey09,
	Author = {Beasley, LeRoy B. and Laffey, Thomas J.},
	Coden = {LAAPAW},
	Doi = {10.1016/j.laa.2009.02.034},
	Fjournal = {Linear Algebra and its Applications},
	Issn = {0024-3795},
	Journal = {Linear Algebra Appl.},
	Mrclass = {15A03},
	Mrnumber = {2563025 (2010m:15002)},
	Mrreviewer = {Abbas Salemi},
	Number = {12},
	Pages = {2330--2335},
	Title = {Real rank versus nonnegative rank},
	Url = {http://dx.doi.org/10.1016/j.laa.2009.02.034},
	Volume = {431},
	Year = {2009},
	Bdsk-Url-1 = {http://dx.doi.org/10.1016/j.laa.2009.02.034}}

@incollection{BenabbasMagen2010,
	Author = {Benabbas, S. and Magen, A.},
	Booktitle = {Proc.\ IPCO 2010},
	Date-Added = {2011-10-17 21:02:34 +0200},
	Date-Modified = {2011-10-17 21:02:34 +0200},
	Pages = {299--312},
	Publisher = {Springer},
	Series = {Lecture Notes in Comput. Sci.},
	Title = {Extending {SDP} integrality gaps to {S}herali-{A}dams with applications to quadratic programming and {M}ax{C}ut{G}ain},
	Volume = {6080},
	Year = {2010}}

@article{Benders1962,
	Author = {Benders, J.~F.},
	Date-Added = {2011-10-17 21:02:34 +0200},
	Date-Modified = {2011-10-28 21:59:09 +0200},
	Journal = {Numer.\ Math.},
	Pages = {238--252},
	Title = {Partitioning procedures for solving mixed variables programming problems},
	Volume = {4},
	Year = {1962}}

@article{Ben-TalNemirovski01,
	Author = {Ben-Tal, A. and Nemirovski, A.},
	Date-Added = {2011-10-17 21:02:34 +0200},
	Date-Modified = {2011-10-28 22:01:17 +0200},
	Doi = {10.1287/moor.26.2.193.10561},
	Journal = {Math. Oper. Res.},
	Pages = {193--205},
	Title = {On polyhedral approximations of the second-order cone},
	Volume = {26},
	Year = {2001},
	Bdsk-Url-1 = {http://dx.doi.org/10.1287/moor.26.2.193.10561}}

@article{bienstock2008approximate,
	Author = {Bienstock, Daniel},
	Date-Added = {2014-03-20 14:02:55 +0000},
	Date-Modified = {2014-03-20 14:02:55 +0000},
	Journal = {Operations Research Letters},
	Number = {3},
	Pages = {317--320},
	Publisher = {Elsevier},
	Title = {Approximate formulations for 0-1 knapsack sets},
	Volume = {36},
	Year = {2008}}

@book{BoydVandenbergheBook,
	Author = {Boyd, S.P. and Vandenberghe, L.},
	Date-Added = {2011-10-20 23:05:25 +0000},
	Date-Modified = {2011-10-28 22:19:11 +0200},
	Publisher = {Cambridge Univ Press},
	Title = {Convex optimization},
	Year = {2004}}

@article{BFP2013,
	Author = {Braun, G. and Fiorini, S. and Pokutta, S.},
	Date-Added = {2013-11-02 15:39:09 +0000},
	Date-Modified = {2013-11-02 15:40:12 +0000},
	Journal = {submitted},
	Title = {{Average case polyhedral complexity of the maximum stable set problem}},
	Year = {2013}}

@article{bfps2012,
	Archiveprefix = {arXiv},
	Author = {Braun, G. and Fiorini, S. and Pokutta, S. and Steurer, D.},
	Booktitle = {53rd IEEE Symp. on Foundations of Computer Science (FOCS 2012)},
	Date-Added = {2012-10-21 15:12:40 +0000},
	Date-Modified = {2012-10-21 15:33:56 +0000},
	Doi = {10.1109/FOCS.2012.10},
	Eprint = {1204.0957},
	Isbn = {978-1-4673-4383-1},
	Issn = {0272-5428},
	Pages = {480--489},
	Primaryclass = {cs.CC},
	Title = {{Approximation Limits of Linear Programs (Beyond Hierarchies)}},
	Year = {2012},
	Bdsk-Url-1 = {http://dx.doi.org/10.1109/FOCS.2012.10}}

@article{BraunFPS12Jour,
	Author = {Braun, G\'abor and Fiorini, Samuel and Pokutta, Sebastian and Steurer, David},
	Journal = {To appear in Mathematics of Operations Research},
	Title = {{Approximation Limits of Linear Programs (Beyond Hierarchies)}},
	Year = {2015}}
	
	
@article{BJLP2013,
	Author = {Braun, G. and Jain, R. and Lee, T. and Pokutta, S.},
	Date-Added = {2014-03-17 21:12:20 +0000},
	Date-Modified = {2014-03-17 21:12:20 +0000},
	Journal = {submitted / preprint available at ECCC \url{http://eccc.hpi-web.de/report/2013/158.}},
	Title = {{Information-theoretic approximations of the nonnegative rank}},
	Year = {2013}}

@unpublished{BP2013,
	Author = {Braun, G. and Pokutta, S.},
	Date-Added = {2013-03-08 21:49:53 +0000},
	Date-Modified = {2013-03-08 21:50:48 +0000},
	Note = {submitted / available at ...},
	Title = {{A simplified lower bound for extended formulations using Hellinger distance}},
	Year = {2013}}

@article{BP2013commInfo,
	Author = {Braun, G. and Pokutta, S.},
	Date-Added = {2013-04-21 03:25:45 +0000},
	Date-Modified = {2013-07-02 06:06:45 +0000},
	Journal = {{Proceedings of FOCS}},
	Title = {{Common information and unique disjointness}},
	Year = {2013}}

@unpublished{BP2011,
	Author = {Braun, G{\'a}bor and Pokutta, Sebastian},
	Date-Added = {2011-05-23 21:19:09 +0200},
	Date-Modified = {2011-10-28 22:00:05 +0200},
	Note = {Manuscript},
	Title = {An algebraic take on symmetric extended formulations},
	Year = {2011}}

@article{braverman2012information2,
	Author = {Braverman, Mark and Garg, Ankit and Pankratov, Denis and Weinstein, Omri},
	Date-Added = {2013-03-12 19:20:13 +0000},
	Date-Modified = {2013-03-12 19:20:24 +0000},
	Journal = {Electronic Colloquium on Computational Complexity},
	Number = {177},
	Title = {Information lower bounds via self-reducibility},
	Volume = {12},
	Year = {2012}}

@inproceedings{braverman2012information3,
	Author = {Braverman, Mark and Garg, Ankit and Pankratov, Denis and Weinstein, Omri},
	Booktitle = {Electronic Colloquium on Computational Complexity (ECCC)},
	Date-Added = {2013-03-12 19:20:49 +0000},
	Date-Modified = {2013-03-12 19:21:06 +0000},
	Pages = {171},
	Title = {From Information to Exact Communication},
	Volume = {19},
	Year = {2012}}

@article{braverman2012information,
	Author = {Braverman, M. and Moitra, A.},
	Date-Added = {2013-02-04 14:22:06 +0000},
	Date-Modified = {2013-02-04 14:22:06 +0000},
	Journal = {Electronic Colloquium on Computational Complexity (ECCC)},
	Number = {131},
	Title = {An information complexity approach to extended formulations},
	Volume = {19},
	Year = {2012}}

@inproceedings{braverman2011information,
	Author = {Braverman, Mark and Rao, Anup},
	Booktitle = {Foundations of Computer Science (FOCS), 2011 IEEE 52nd Annual Symposium on},
	Date-Added = {2013-08-30 17:00:30 +0000},
	Date-Modified = {2013-08-30 17:00:30 +0000},
	Organization = {IEEE},
	Pages = {748--757},
	Title = {Information equals amortized communication},
	Year = {2011}}

@article{BDP2013,
	Author = {Bri\"et, Jop and Dadush, Daniel and Pokutta, Sebastian},
	Date-Added = {2014-03-19 14:17:21 +0000},
	Date-Modified = {2014-03-19 20:38:19 +0000},
	Journal = {Proceedings of {ESA} / arXiv:1305.3268},
        publisher = {Springer Berlin Heidelberg},
        Title = {On the existence of {0/1} polytopes with
                 high semidefinite extension complexity},
        pages = {217--228},
	Year = {2013}}


@article{BDP2013Jour,
	Author = {Bri\"et, Jop and Dadush, Daniel and Pokutta, Sebastian},
	Journal = {To appear in Mathematical Programming B},
        Title = {On the existence of {0/1} polytopes with
                 high semidefinite extension complexity},
        Year = {2015}}

	
@article{BCMW10,
	Author = {Buhrman, H. and Cleve, R. and Massar, S. and {de}~Wolf, R.},
	Date-Added = {2011-09-13 19:44:02 +0000},
	Date-Modified = {2011-11-04 14:41:33 +0100},
	Journal = {Rev.\ Modern Phys.},
	Pages = {665},
	Publisher = {APS},
	Title = {Nonlocality and communication complexity},
	Volume = {82},
	Year = {2010}}

@article{bcmw:survey,
	Archiveprefix = {arXiv},
	Author = {H. Buhrman and R. Cleve and S. Massar and Wolf, R. {de}},
	Eprint = {0907.3584},
	Journal = rmp,
	Note = {\href{http://arxiv.org/abs/0907.3584}{arXiv:0907.3584}},
	Pages = {665--698},
	Primaryclass = {quant-ph},
	Title = {Non-locality and Communication Complexity},
	Volume = {82},
	Year = {2010}}

@incollection{BuhrmanCleveWigderson99,
	Author = {Buhrman, H. and Cleve, R. and Wigderson, A.},
	Booktitle = {Proc.\ STOC 1998},
	Date-Added = {2011-10-17 21:02:34 +0200},
	Date-Modified = {2011-10-28 22:02:54 +0200},
	Pages = {63--68},
	Title = {Quantum vs.\ classical communication and computation},
	Year = {1999}}

@article{BGHMT2006,
	Author = {Buresh-Oppenheim, J. and Galesi, N. and Hoory, S. and Magen, A. and Pitassi, T.},
	Date-Added = {2011-10-17 21:02:34 +0200},
	Date-Modified = {2011-10-17 21:02:34 +0200},
	Journal = {Theory Comput.},
	Pages = {65--90},
	Title = {Rank bounds and integrality gaps for cutting planes procedures},
	Volume = {2},
	Year = {2006}}

@inproceedings{buss1999linear,
	Author = {Buss, Sam and Grigoriev, Dima and Impagliazzo, Russell and Pitassi, Toniann},
	Booktitle = {Proceedings of the thirty-first annual ACM symposium on Theory of computing},
	Date-Added = {2014-09-18 18:58:02 +0000},
	Date-Modified = {2014-09-18 18:58:02 +0000},
	Organization = {ACM},
	Pages = {547--556},
	Title = {Linear gaps between degrees for the polynomial calculus modulo distinct primes},
	Year = {1999}}

@article{CandesRombergTao2006,
	Author = {Cand{\`e}s, E.J. and Romberg, J.K. and Tao, T.},
	Date-Added = {2011-10-17 21:02:34 +0200},
	Date-Modified = {2011-10-28 22:19:27 +0200},
	Doi = {10.1002/cpa.20124},
	Fjournal = {Communications on Pure and Applied Mathematics},
	Journal = {Comm. Pure Appl. Math.},
	Number = {8},
	Pages = {1207--1223},
	Title = {Stable signal recovery from incomplete and inaccurate measurements},
	Volume = {59},
	Year = {2006},
	Bdsk-Url-1 = {http://dx.doi.org/10.1002/cpa.20124}}

@article{CKLNP2009,
	Address = {New York, NY, USA},
	Articleno = {27},
	Author = {Carr, R.D. and Konjevod, G. and Little, G. and Natarajan, V. and Parekh, O.},
	Date-Modified = {2011-10-28 22:19:32 +0200},
	Issue = {3},
	Journal = {ACM Trans. Algorithms},
	Numpages = {16},
	Pages = {27:1--27:16},
	Publisher = {ACM},
	Title = {Compacting cuts: A new linear formulation for minimum cut},
	Volume = {5},
	Year = {2009}}

@inproceedings{Chakrabarti01,
	Author = {Chakrabarti, A. and Shi, Y. and Wirth, A. and Yao, A.},
	Booktitle = {42nd IEEE Symp. on Foundations of Computer Science (FOCS 2001)},
	Pages = {270--278},
	Title = {Informational complexity and the direct sum problem for simultaneous message complexity},
	Year = {2001}}

@inproceedings{chan2013approximate,
	Author = {Chan, Siu On and Lee, James R. and Raghavendra, Prasad and Steurer, David},
	Booktitle = {Foundations of Computer Science (FOCS), 2013 IEEE 54th Annual Symposium on},
	Date-Added = {2014-03-19 14:48:24 +0000},
	Date-Modified = {2014-03-19 14:48:24 +0000},
	Organization = {IEEE},
	Pages = {350--359},
	Title = {Approximate constraint satisfaction requires large {LP} relaxations},
	Year = {2013}}

@inproceedings{CMM2009,
	Author = {Charikar, M. and Makarychev, K. and Makarychev, Y.},
	Booktitle = {Proc.\ STOC 2009},
	Date-Added = {2011-10-17 21:02:34 +0200},
	Date-Modified = {2011-10-17 21:02:34 +0200},
	Pages = {283--292},
	Title = {Integrality gaps for {S}herali-{A}dams relaxations},
	Year = {2009}}

@article{ChattopadhyayPitassi10,
	Author = {Chattopadhyay, A. and Pitassi, T.},
	Date-Added = {2012-03-26 17:22:59 +0200},
	Date-Modified = {2012-03-26 17:23:56 +0200},
	Journal = {SIGACT News},
	Pages = {59--85},
	Title = {The Story of Set Disjointness},
	Volume = {41},
	Year = {2010}}

@article{CRST2006,
	Author = {Chudnovsky, M. and Robertson, N. and Seymour, P. and Thomas, R.},
	Date-Added = {2011-10-17 21:02:34 +0200},
	Date-Modified = {2011-10-28 22:05:00 +0200},
	Doi = {10.4007/annals.2006.164.51},
	Journal = {Ann. of Math.},
	Pages = {51--229},
	Title = {The strong perfect graph theorem},
	Volume = {164},
	Year = {2006},
	Bdsk-Url-1 = {http://dx.doi.org/10.4007/annals.2006.164.51}}

@article{CohenRothblum93,
	Author = {Cohen, J.E. and Rothblum, U.G.},
	Date-Added = {2011-10-17 21:02:34 +0200},
	Date-Modified = {2011-10-28 22:19:51 +0200},
	Doi = {10.1016/0024-3795(93)90224-C},
	Journal = {Linear Algebra and Appl.},
	Masid = {5700975},
	Pages = {149--168},
	Title = {Nonnegative ranks, decompositions, and factorizations of nonnegative matrices},
	Volume = {190},
	Year = {1993},
	Bdsk-Url-1 = {http://dx.doi.org/10.1016/0024-3795(93)90224-C}}

@article{ConfortiCornuejolsZambelli10,
	Author = {Conforti, M. and Cornu{\'e}jols, G. and Zambelli, G.},
	Date-Added = {2011-10-17 21:02:34 +0200},
	Date-Modified = {2011-10-28 22:04:43 +0200},
	Doi = {10.1007/s10288-010-0122-z},
	Journal = {4OR},
	Pages = {1--48},
	Title = {Extended formulations in combinatorial optimization},
	Volume = {8},
	Year = {2010},
	Bdsk-Url-1 = {http://dx.doi.org/10.1007/s10288-010-0122-z}}

@book{cover2006elements,
	Author = {Cover, T.M. and Thomas, J.A.},
	Date-Added = {2013-02-05 14:59:01 +0000},
	Date-Modified = {2013-02-05 14:59:01 +0000},
	Publisher = {Wiley-interscience},
	Title = {Elements of information theory},
	Year = {2006}}

@book{CoxLittleOShea,
	Address = {Secaucus, NJ, USA},
	Author = {Cox, David A. and Little, John and O'Shea, Donal},
	Isbn = {0387356509},
	Publisher = {Springer-Verlag New York, Inc.},
	Title = {Ideals, Varieties, and Algorithms: An Introduction to Computational Algebraic Geometry and Commutative Algebra, 3/e (Undergraduate Texts in Mathematics)},
	Year = {2007}}

@incollection{Dantzig1947,
	Address = {New York, N. Y.},
	Author = {Dantzig, G.B.},
	Booktitle = {Activity {A}nalysis of {P}roduction and {A}llocation},
	Date-Added = {2011-10-17 21:02:34 +0200},
	Date-Modified = {2011-10-28 22:20:01 +0200},
	Pages = {339--347},
	Publisher = {John Wiley \& Sons Inc.},
	Series = {Cowles Commission Monograph No. 13},
	Title = {Maximization of a linear function of variables subject to linear inequalities},
	Year = {1951}}

@article{DantzigWolfe1960,
	Author = {Dantzig, G.B. and Wolfe, P.},
	Date-Added = {2011-10-17 21:02:34 +0200},
	Date-Modified = {2011-10-17 21:02:34 +0200},
	Journal = {Oper. Res.},
	Pages = {832--848},
	Title = {Decomposition principle for linear programs},
	Year = {1960}}

@article{DeSimone90,
	Author = {De Simone, C.},
	Date-Added = {2011-10-19 22:34:06 +0200},
	Date-Modified = {2011-10-28 21:57:52 +0200},
	Doi = {10.1016/0012-365X(90)90056-N},
	Journal = {Discrete Math.},
	Pages = {71--75},
	Title = {The cut polytope and the {B}oolean quadric polytope},
	Volume = {79},
	Year = {1989/90},
	Bdsk-Url-1 = {http://dx.doi.org/10.1016/0012-365X(90)90056-N}}

@article{Delsarte1973,
	Author = {Delsarte, P.},
	Date-Added = {2011-10-17 21:02:34 +0200},
	Date-Modified = {2011-10-17 21:02:34 +0200},
	Fjournal = {Philips Journal of Research},
	Journal = {Philips Res. Rep. Suppl.},
	Title = {An algebraic approach to the association schemes of coding theory},
	Volume = {10},
	Year = {1973}}

@book{DezaLaurentBook,
	Address = {Berlin},
	Author = {Deza, M.M. and Laurent, M.},
	Date-Added = {2011-10-19 22:32:25 +0200},
	Date-Modified = {2011-10-28 22:20:14 +0200},
	Publisher = {Springer-Verlag},
	Series = {Algorithms and Combinatorics},
	Title = {Geometry of cuts and metrics},
	Volume = {15},
	Year = {1997}}

@article{DietzfelbingerHromkovicSchnitger96,
	Author = {Dietzfelbinger, M. and Hromkovi{\v{c}}, J. and Schnitger, G.},
	Date-Added = {2011-10-17 21:02:34 +0200},
	Date-Modified = {2011-10-28 22:20:45 +0200},
	Doi = {10.1016/S0304-3975(96)00062-X},
	Journal = {Theoret. Comput. Sci.},
	Pages = {39--51},
	Title = {A comparison of two lower-bound methods for communication complexity},
	Volume = {168},
	Year = {1996},
	Bdsk-Url-1 = {http://dx.doi.org/10.1016/S0304-3975(96)00062-X}}

@book{DixonBook,
	Author = {Dixon, John D. and Mortimer, Brian},
	Date-Added = {2011-03-14 23:30:29 +0100},
	Date-Modified = {2011-10-28 22:09:48 +0200},
	Publisher = {Springer Verlag},
	Title = {Permutation groups},
	Year = {1996}}

@article{Donoho2006,
	Author = {Donoho, D.L.},
	Date-Added = {2011-10-17 21:02:34 +0200},
	Date-Modified = {2011-10-28 22:20:55 +0200},
	Doi = {10.1109/TIT.2006.871582},
	Fjournal = {Institute of Electrical and Electronics Engineers. Transactions on Information Theory},
	Journal = {IEEE Trans. Inform. Theory},
	Number = {4},
	Pages = {1289--1306},
	Title = {Compressed sensing},
	Volume = {52},
	Year = {2006},
	Bdsk-Url-1 = {http://dx.doi.org/10.1109/TIT.2006.871582}}

@article{DruckerWolf11,
	Author = {A. Drucker and {de}~Wolf, R.},
	Date-Modified = {2011-11-04 14:41:43 +0100},
	Journal = {ToC Library Graduate Surveys},
	Title = {Quantum proofs for classical theorems},
	Volume = {2},
	Year = {2011}}

@article{Edmonds71,
	Author = {Edmonds, J.},
	Date-Added = {2011-10-17 21:02:34 +0200},
	Date-Modified = {2011-10-28 22:16:01 +0200},
	Doi = {10.1007/BF01584082},
	Journal = {Math. Programming},
	Pages = {127--136},
	Title = {Matroids and the greedy algorithm},
	Volume = {1},
	Year = {1971},
	Bdsk-Url-1 = {http://dx.doi.org/10.1007/BF01584082}}

@article{ErdosKoRado1961,
	Author = {P\'al {Erd\H{o}s} and Chao {Ko} and R. {Rado}},
	Doi = {10.1093/qmath/12.1.313},
	Fjournal = {{The Quarterly Journal of Mathematics. Oxford Second Series}},
	Issn = {0033-5606; 1464-3847/e},
	Journal = {{Q. J. Math., Oxf. II. Ser.}},
	Language = {English},
	Msc2010 = {05D05},
	Pages = {313--320},
	Publisher = {Oxford University Press, Oxford},
	Title = {{Intersection theorems for systems of finite sets.}},
	Volume = {12},
	Year = {1961},
	Zbl = {0100.01902},
	Bdsk-Url-1 = {http://dx.doi.org/10.1093/qmath/12.1.313}}

@incollection{FaenzaFioriniGrappeTiwary11,
	Author = {Faenza, Y. and Fiorini, S. and Grappe, R. and Tiwary, H.~R.},
	Booktitle = {Combinatorial Optimization},
	Date-Added = {2013-06-22 16:27:35 -0400},
	Date-Modified = {2013-06-22 16:29:10 -0400},
	Doi = {10.1007/978-3-642-32147-4_13},
	Editor = {Mahjoub, A. and Markakis, V. and Milis, I. and Paschos, V.},
	Isbn = {978-3-642-32146-7},
	Keywords = {Extended formulations; Nonnegative rank; Communication protocols},
	Pages = {129-140},
	Publisher = {Springer Berlin Heidelberg},
	Series = {Lecture Notes in Computer Science},
	Title = {Extended Formulations, Nonnegative Factorizations, and Randomized Communication Protocols},
	Url = {http://dx.doi.org/10.1007/978-3-642-32147-4_13},
	Volume = {7422},
	Year = {2012},
	Bdsk-Url-1 = {http://dx.doi.org/10.1007/978-3-642-32147-4_13}}

@techreport{FawziParrilo12,
	Author = {H. Fawzi and P. Parrilo},
	Institution = {arXiv},
	Number = {arXiv:1210.6970},
	Title = {New lower bounds on nonnegative rank using conic programming},
	Year = {2012}}

@article{fawzi2014equivariant,
	Author = {Fawzi, Hamza and Saunderson, James and Parrilo, Pablo A},
	Journal = {arXiv preprint arXiv:1312.6662v2},
	Title = {Equivariant semidefinite lifts and sum-of-squares hierarchies},
	Year = {2014}}

@article{FeldmanWainwrightKarger2005,
	Author = {Feldman, J. and Wainwright, M.J. and Karger, D.R.},
	Date-Added = {2011-10-17 21:02:34 +0200},
	Date-Modified = {2011-10-28 22:21:21 +0200},
	Journal = {IEEE Trans. Inform. Theory},
	Pages = {954--972},
	Title = {Using linear programming to decode binary linear codes},
	Volume = {51},
	Year = {2005}}

@inproceedings{FernandezdelaVegaMathieu2007,
	Author = {Fernandez de la Vega, W. and Mathieu, C.},
	Booktitle = {Proc.\ SODA 2007},
	Date-Added = {2011-10-17 21:02:34 +0200},
	Date-Modified = {2011-10-17 21:02:34 +0200},
	Title = {Linear programming relaxation of {M}axcut},
	Year = {2007}}

@misc{FioriniKaibelPashkovichTheis11,
	Archiveprefix = {arXiv},
	Author = {Fiorini, S. and Kaibel, V. and Pashkovich, K. and Theis, D.~O.},
	Date-Added = {2011-10-17 21:02:34 +0200},
	Date-Modified = {2011-11-02 17:13:44 +0100},
	Eprint = {1111.0444v2},
	Note = {\href{http://arxiv.org/abs/1111.0444v2}{arXiv:1111.0444v2}},
	Primaryclass = {math.CO},
	Title = {Combinatorial bounds on nonnegative rank and extended formulations},
	Year = {2012}}

@article{extform4,
	Author = {Fiorini, Samuel and Massar, Serge and Pokutta, Sebastian and Tiwary, Hans Raj and {de}~Wolf, Ronald},
	Date-Added = {2012-02-05 13:35:01 +0000},
	Date-Modified = {2013-03-25 21:38:48 +0000},
	Journal = {Proceedings of {STOC}},
	Title = {Linear vs. Semidefinite Extended Formulations:
                 Exponential Separation and Strong Lower Bounds},
        pages = {95--106},
	Year = {2012}}

@article{extform4Jour,
	Author = {Fiorini, Samuel and Massar, Serge and Pokutta, Sebastian and Tiwary, Hans Raj and {de}~Wolf, Ronald},
	Journal = {to appear in Journal of the ACM},
	Title = {Linear vs. Semidefinite Extended Formulations:
                 Exponential Separation and Strong Lower Bounds},
	Year = {2015}}

@article{FioriniRothvossTiwary11,
	Author = {Fiorini, S. and Rothvo{\ss}, T. and {Tiwary}, H.~R.},
	Date-Added = {2013-06-22 16:23:16 -0400},
	Date-Modified = {2013-06-22 16:25:31 -0400},
	Doi = {10.1007/s00454-012-9421-9},
	Issn = {0179-5376},
	Journal = {Discrete \& Computational Geometry},
	Keywords = {Extended formulations; Polygon; Polytope; Lower bound},
	Language = {English},
	Number = {3},
	Pages = {658-668},
	Publisher = {Springer-Verlag},
	Title = {Extended Formulations for Polygons},
	Url = {http://dx.doi.org/10.1007/s00454-012-9421-9},
	Volume = {48},
	Year = {2012},
	Bdsk-Url-1 = {http://dx.doi.org/10.1007/s00454-012-9421-9}}

@article{GalluccioGentileVentura10,
	Author = {Galluccio, A. and Gentile, C. and Ventura, P.},
	Date-Added = {2011-10-17 21:02:34 +0200},
	Date-Modified = {2011-10-28 22:22:38 +0200},
	Journal = {Electronic Notes in Discrete Mathematics},
	Pages = {1025--1032},
	Title = {The stable set polytope of claw-free graphs with large stability number},
	Volume = {36},
	Year = {2010}}

@article{GMPT2010,
	Author = {Georgiou, K. and Magen, A. and Pitassi, T. and Tourlakis, I.},
	Date-Added = {2011-10-17 21:02:34 +0200},
	Date-Modified = {2011-10-17 21:02:34 +0200},
	Doi = {10.1137/080721479},
	Journal = {SIAM J. Comput.},
	Pages = {3553--3570},
	Title = {Integrality gaps of {$2-o(1)$} for vertex cover {SDP}s in the {L}ov\'asz-{S}chrijver hierarchy},
	Volume = {39},
	Year = {2010},
	Bdsk-Url-1 = {http://dx.doi.org/10.1137/080721479}}

@incollection{GeorgiouMagenTourlakis08,
	Address = {Berlin},
	Author = {Georgiou, K. and Magen, A. and Tourlakis, I.},
	Booktitle = {Proc.\ IPCO 2008},
	Date-Added = {2011-10-17 21:02:34 +0200},
	Date-Modified = {2011-10-28 22:23:18 +0200},
	Doi = {10.1007/978-3-540-68891-4_10},
	Pages = {140--153},
	Publisher = {Springer},
	Series = {Lecture Notes in Comput. Sci.},
	Title = {Vertex cover resists {SDP}s tightened by local hypermetric inequalities},
	Volume = {5035},
	Year = {2008},
	Bdsk-Url-1 = {http://dx.doi.org/10.1007/978-3-540-68891-4_10}}

@inproceedings{GMT2009,
	Author = {Georgiou, K. and Magen, A. and Tulsiani, M.},
	Booktitle = {Proc.\ APPROX-RANDOM 2009},
	Date-Added = {2011-10-17 21:02:34 +0200},
	Date-Modified = {2011-10-17 21:02:34 +0200},
	Pages = {125--139},
	Title = {Optimal {S}herali-{A}dams Gaps from Pairwise Independence},
	Year = {2009}}

@article{2012arXiv1204.2436G,
	Adsnote = {Provided by the SAO/NASA Astrophysics Data System},
	Adsurl = {http://adsabs.harvard.edu/abs/2012arXiv1204.2436G},
	Archiveprefix = {arXiv},
	Author = {{Gillis}, N.},
	Date-Added = {2013-03-14 01:48:19 +0000},
	Date-Modified = {2013-03-14 01:48:19 +0000},
	Eprint = {1204.2436},
	Journal = {ArXiv e-prints},
	Keywords = {Statistics - Machine Learning, Mathematics - Numerical Analysis, Mathematics - Optimization and Control},
	Month = apr,
	Primaryclass = {stat.ML},
	Title = {{Sparse and Unique Nonnegative Matrix Factorization Through Data Preprocessing}},
	Year = {2012}}

@misc{GillisGlineur10,
	Archiveprefix = {arXiv},
	Author = {Gillis, N. and Glineur, F.},
	Date-Added = {2011-10-17 21:02:34 +0200},
	Date-Modified = {2011-10-17 21:02:34 +0200},
	Eprint = {1009.0880},
	Note = {\href{http://arxiv.org/abs/1009.0880}{arXiv:1009.0880}},
	Primaryclass = {math.OC},
	Title = {On the Geometric Interpretation of the Nonnegative Rank},
	Year = {2010}}

@unpublished{gillis2013,
	Author = {Gillis, Nicolas and Glineur, Francois and Theis, Dirk Oliver},
	Date-Added = {2013-02-21 09:21:06 +0000},
	Date-Modified = {2013-02-21 09:21:54 +0000},
	Month = {2},
	Title = {personal communication},
	Year = {2013}}

@unpublished{Goemans09,
	Author = {Goemans, Michel~X.},
	Date-Added = {2011-10-17 21:02:34 +0200},
	Date-Modified = {2011-10-17 21:02:34 +0200},
	Note = {\href{http://math.mit.edu/~goemans/PAPERS/permutahedron.pdf}{Manuscript}},
	Title = {{Smallest compact formulation for the permutahedron}},
	Year = {2009}}

@article{GoemansWilliamson95,
	Author = {Goemans, Michel~X. and Williamson, David~P.},
	Date-Added = {2011-10-17 21:02:34 +0200},
	Date-Modified = {2011-10-17 21:02:34 +0200},
	Doi = {10.1145/227683.227684},
	Journal = {J. Assoc. Comput. Mach.},
	Pages = {1115--1145},
	Title = {Improved approximation algorithms for maximum cut and satisfiability problems using semidefinite programming},
	Volume = {42},
	Year = {1995},
	Bdsk-Url-1 = {http://dx.doi.org/10.1145/227683.227684}}

@article{GouveiaParriloThomas2011,
	Author = {Gouveia, Jo{\~a}o and Parrilo, Parrilo~A. and Thomas, Rekha~R.},
	Date-Added = {2013-04-20 21:46:00 +0000},
	Date-Modified = {2013-06-22 16:19:18 -0400},
	Journal = {Math. Oper. Res.},
	Month = {May},
	Number = {2},
	Pages = {248--264},
	Title = {Lifts of convex sets and cone factorizations},
	Volume = {38},
        Archiveprefix = {arXiv},
	Eprint = {1111.3164},
	Year = {2011}}

@unpublished{GouveiaParilloThomasHPOPT2010,
	Author = {Gouveia, J. and Parrilo, P.A. and Thomas, R.},
	Date-Added = {2011-11-08 15:22:03 +0100},
	Date-Modified = {2011-11-08 16:44:25 +0100},
	Note = {In HPOPT 2010, \href{http://lyrawww.uvt.nl/~edeklerk/hpopt2010/abstracts/Thomas.pdf}{abstract} and \href{http://lyrawww.uvt.nl/~edeklerk/hpopt2010/slides/thomas.pdf}{slides}},
	Title = {Cone lifts of polytopes},
	Year = {2010}}

@article{GouveiaParriloThomas2010,
	Author = {Gouveia, J. and Parrilo, P.A. and Thomas, R.},
	Date-Added = {2011-11-08 13:55:05 +0100},
	Date-Modified = {2011-11-08 13:55:05 +0100},
	Journal = {SIAM J. Optim.},
	Pages = {2097--2118},
	Title = {Theta bodies for polynomial ideals},
	Volume = {20},
	Year = {2010}}

@article{Robinson,
	Author = {Gouveia, Jo{\~a}o and Robinson, Richard Z and Thomas, Rekha R},
	Date-Added = {2014-08-13 19:33:07 +0000},
	Date-Modified = {2014-08-13 19:33:14 +0000},
	Journal = {arXiv preprint arXiv:1305.4600},
	Title = {Worst-case results for positive semidefinite rank},
	Year = {2013}}

@book{GrotschelLovaszSchrijverBook,
	Address = {Berlin},
	Author = {Gr{\"o}tschel, M. and Lov{\'a}sz, L. and Schrijver, A.},
	Date-Added = {2011-10-17 21:02:34 +0200},
	Date-Modified = {2011-10-17 21:02:34 +0200},
	Edition = {Second},
	Isbn = {3-540-56740-2},
	Mrclass = {90-02 (52C07 90C27)},
	Mrnumber = {1261419 (95e:90001)},
	Mrreviewer = {Ulrich Faigle},
	Pages = {xii+362},
	Publisher = {Springer-Verlag},
	Series = {Algorithms and Combinatorics},
	Title = {Geometric algorithms and combinatorial optimization},
	Volume = {2},
	Year = {1993}}

@article{grigoriev2001linear,
	Author = {Grigoriev, Dima},
	Date-Added = {2014-09-10 09:23:10 +0000},
	Date-Modified = {2014-09-10 09:23:10 +0000},
	Journal = {Theoretical Computer Science},
	Number = {1},
	Pages = {613--622},
	Publisher = {Elsevier},
	Title = {Linear lower bound on degrees of Positivstellensatz calculus proofs for the parity},
	Volume = {259},
	Year = {2001}}

@article{haastad1999clique,
	Author = {H{\aa}stad, J.},
	Date-Added = {2013-02-06 20:30:37 +0000},
	Date-Modified = {2013-02-08 13:59:01 +0000},
	Journal = {Acta Mathematica},
	Number = {1},
	Pages = {105--142},
	Publisher = {Springer},
	Title = {{Clique is hard to approximate within $1-\varepsilon$}},
	Volume = {182},
	Year = {1999}}

@inproceedings{HoyerWol02,
	Author = {P. H{\o}yer and {de}~Wolf, R.},
	Booktitle = {Proc.\ STACS 2002},
	Date-Modified = {2011-11-04 14:41:49 +0100},
	Pages = {299--310},
	Publisher = {Springer},
	Series = {Lecture Notes in Comput. Sci.},
	Title = {Improved Quantum Communication Complexity Bounds for Disjointness and Equality},
	Volume = {2285},
	Year = {2002}}

@article{HatamiMagenMarkakis2008,
	Author = {Hatami, H. and Magen, A. and Markakis, E.},
	Date-Added = {2011-10-17 21:02:34 +0200},
	Date-Modified = {2011-10-17 21:02:34 +0200},
	Doi = {10.1137/070700103},
	Journal = {SIAM J. Discrete Math.},
	Number = {1},
	Pages = {178--194},
	Title = {Integrality gaps of semidefinite programs for vertex cover and relations to {$l_1$} embeddability of negative type metrics},
	Volume = {23},
	Year = {2008/09},
	Bdsk-Url-1 = {http://dx.doi.org/10.1137/070700103}}

@book{hindry2000diophantine,
	Author = {Hindry, Marc and Silverman, Joseph H},
	Date-Added = {2013-04-30 00:58:31 +0000},
	Date-Modified = {2013-04-30 00:58:31 +0000},
	Publisher = {Springer},
	Title = {Diophantine geometry: an introduction},
	Volume = {201},
	Year = {2000}}

@article{Hrubes12,
	Author = {P. Hrube\v{s}},
	Issue = {11},
	Journal = {Information Processing Letters},
	Pages = {457--461},
	Title = {On the nonnegative rank of distance matrices},
	Volume = {112},
	Year = {2012}}

@misc{HuangSudakov2010,
	Archiveprefix = {arXiv},
	Author = {Huang, H. and Sudakov, B.},
	Date-Added = {2011-10-17 21:02:34 +0200},
	Date-Modified = {2011-10-17 21:02:34 +0200},
	Eprint = {1002.4687},
	Note = {\href{http://arxiv.org/abs/1002.4687}{arXiv:1002.4687}},
	Primaryclass = {math.CO},
	Title = {A counterexample to the {A}lon-{S}aks-{S}eymour conjecture and related problems},
	Year = {2010}}

@inproceedings{JJUW10,
	Author = {Jain, R. and Ji, Z. and Upadhyay, S. and Watrous, J.},
	Booktitle = {Proc.\ STOC 2010},
	Date-Added = {2011-10-17 21:02:34 +0200},
	Date-Modified = {2011-10-17 21:02:34 +0200},
	Pages = {573--582},
	Title = {{QIP} = {PSPACE}},
	Year = {2010}}

@article{jain2013efficient,
	Author = {Jain, R. and Shi, Y. and Wei, Z. and Zhang, S.},
	Date-Added = {2013-03-14 18:32:13 +0000},
	Date-Modified = {2013-03-25 21:48:17 +0000},
	Journal = {{Proceedings of SODA 2013}},
	Title = {{Efficient protocols for generating bipartite classical distributions and quantum states}},
	Year = {2013}}

@book{JansonLuczakRucinski2000,
	Author = {Janson, S. and {\L}uczak, T. and Rucinski, A.},
	Date-Added = {2011-10-17 21:02:34 +0200},
	Date-Modified = {2011-10-28 22:27:08 +0200},
	Publisher = {Wiley-Interscience, New York},
	Series = {Wiley-Interscience Series in Discrete Mathematics and Optimization},
	Title = {Random graphs},
	Year = {2000}}

@inproceedings{john1948extremum,
	Author = {John, Fritz},
	Booktitle = {Studies and Essays presented to R. Courant on his 60th Birthday},
	Date-Added = {2013-04-19 16:41:58 +0000},
	Date-Modified = {2013-04-19 16:41:58 +0000},
	Pages = {187--204},
	Title = {Extremum problems with inequalities as subsidiary conditions},
	Year = {1948}}

@article{Kaibel11,
	Author = {Kaibel, V.},
	Date-Added = {2011-10-17 21:02:34 +0200},
	Date-Modified = {2011-10-17 21:02:34 +0200},
	Journal = {Optima},
	Pages = {2--7},
	Title = {Extended formulations in combinatorial optimization},
	Volume = {85},
	Year = {2011}}

@inproceedings{KaibelPashkovich11,
	Author = {Kaibel, V. and Pashkovich, K.},
	Booktitle = {Proc.\ IPCO 2011},
	Date-Added = {2011-10-17 21:02:34 +0200},
	Date-Modified = {2011-10-17 21:02:34 +0200},
	Pages = {287--300},
	Title = {Constructing Extended Formulations from Reflection Relations},
	Year = {2011}}

@inproceedings{KaibelPashkovichTheis10,
	Author = {Kaibel, Volker and Pashkovich, Kanstantsin and Theis, Dirk Oliver},
	Bibsource = {DBLP, http://dblp.uni-trier.de},
	Booktitle = {Proc.\ IPCO 2010},
	Date-Added = {2011-10-17 21:02:34 +0200},
	Date-Modified = {2011-10-17 21:02:34 +0200},
	Ee = {http://dx.doi.org/10.1007/978-3-642-13036-6_11},
	Pages = {135--148},
	Title = {Symmetry Matters for the Sizes of Extended Formulations},
	Year = {2010}}

@article{2013arXiv1307.3543K,
	Archiveprefix = {arXiv},
	Author = {{Kaibel}, V. and {Weltge}, S.},
	Date-Added = {2013-09-20 18:38:19 +0000},
	Date-Modified = {2013-09-20 18:38:32 +0000},
	Eprint = {1307.3543},
	Journal = {ArXiv e-prints},
	Keywords = {Mathematics - Combinatorics, Mathematics - Optimization and Control, 52Bxx, 90C57},
	Month = jul,
	Primaryclass = {math.CO},
	Title = {{A Short Proof that the Extension Complexity of the Correlation Polytope Grows Exponentially}},
	Year = {2013}}

@article{kaibel2013short,
	Author = {Kaibel, Volker and Weltge, Stefan},
	Date-Added = {2014-03-25 00:29:29 +0000},
	Date-Modified = {2014-03-25 00:29:29 +0000},
	Journal = {arXiv preprint arXiv:1307.3543},
	Title = {A Short Proof that the Extension Complexity of the Correlation Polytope Grows Exponentially},
	Year = {2013}}

@article{KalyanasundaramSchnitger92,
	Author = {Kalyanasundaram, B. and Schnitger, G.},
	Date-Added = {2011-10-17 21:02:34 +0200},
	Date-Modified = {2011-10-28 22:27:41 +0200},
	Journal = {SIAM J. Discrete Math.},
	Pages = {545--557},
	Title = {The Probabilistic Communication Complexity of Set Intersection},
	Volume = {5},
	Year = {1992}}

@article{KarchmerKushilevitzNisan95,
	Author = {Karchmer, M. and Kushilevitz, E. and Nisan, N.},
	Date-Added = {2011-10-17 21:02:34 +0200},
	Date-Modified = {2011-10-28 22:28:15 +0200},
	Doi = {10.1137/S0895480192238482},
	Fjournal = {SIAM Journal on Discrete Mathematics},
	Journal = {SIAM J. Discrete Math.},
	Pages = {76--92},
	Title = {Fractional covers and communication complexity},
	Volume = {8},
	Year = {1995},
	Bdsk-Url-1 = {http://dx.doi.org/10.1137/S0895480192238482}}

@article{Karmakar1984,
	Author = {Karmakar, N.},
	Date-Added = {2011-10-17 21:02:34 +0200},
	Date-Modified = {2011-10-17 21:02:34 +0200},
	Journal = {Combinatorica},
	Pages = {373--395},
	Title = {A new polynomial time algorithm for linear programming},
	Volume = {4},
	Year = {1984}}

@inproceedings{KerenidisWolf03,
	Author = {Kerenidis, I. and {de}~Wolf, R.},
	Booktitle = {Proc.\ STOC 2003},
	Date-Added = {2011-10-24 14:14:47 +0000},
	Date-Modified = {2011-11-04 14:41:54 +0100},
	Pages = {106--115},
	Title = {Exponential lower bound for 2-query locally decodable codes via a quantum argument},
	Year = {2003}}

@article{Khachiyan1979,
	Author = {Khachiyan, L. G.},
	Date-Added = {2011-10-17 21:02:34 +0200},
	Date-Modified = {2011-10-17 21:02:34 +0200},
	Fjournal = {Doklady Akademii Nauk SSSR},
	Journal = {Dokl. Akad. Nauk SSSR},
	Number = {5},
	Pages = {1093--1096},
	Title = {A polynomial algorithm in linear programming},
	Volume = {244},
	Year = {1979}}

@article{KhotKMO07,
	Author = {Khot, S. and Kindler, G. and Mossel, E. and O'Donnell, R.},
	Bibsource = {DBLP, http://dblp.uni-trier.de},
	Date-Added = {2011-10-17 21:02:34 +0200},
	Date-Modified = {2011-10-17 21:02:34 +0200},
	Ee = {http://dx.doi.org/10.1137/S0097539705447372},
	Journal = {SIAM J. Comput.},
	Number = {1},
	Pages = {319--357},
	Title = {Optimal Inapproximability Results for {MAX-CUT} and Other 2-Variable {CSP}s?},
	Volume = {37},
	Year = {2007}}

@article{KhotR08,
	Author = {Khot, S. and Regev, O.},
	Bibsource = {DBLP, http://dblp.uni-trier.de},
	Date-Added = {2011-10-17 21:02:34 +0200},
	Date-Modified = {2011-10-17 21:02:34 +0200},
	Ee = {http://dx.doi.org/10.1016/j.jcss.2007.06.019},
	Journal = {J. Comput. Syst. Sci.},
	Number = {3},
	Pages = {335--349},
	Title = {Vertex cover might be hard to approximate to within 2-epsilon},
	Volume = {74},
	Year = {2008}}

@article{KR2008,
	Acmid = {1332256},
	Address = {Orlando, FL, USA},
	Author = {Khot, Subhash and Regev, Oded},
	Issn = {0022-0000},
	Issue = {3},
	Journal = {J. Comput. Syst. Sci.},
	Keywords = {Hardness of approximation, Unique games conjecture, Vertex cover},
	Month = {May},
	Numpages = {15},
	Pages = {335--349},
	Publisher = {Academic Press, Inc.},
	Title = {Vertex cover might be hard to approximate to within 2-\&\#949;},
	Volume = {74},
	Year = {2008}}

@article{KippMartin91,
	Author = {Kipp Martin, R.},
	Date-Added = {2011-10-17 21:02:34 +0200},
	Date-Modified = {2011-10-17 21:02:34 +0200},
	Doi = {DOI: 10.1016/0167-6377(91)90028-N},
	Issn = {0167-6377},
	Journal = {Operations Research Letters},
	Keywords = {model reformulation},
	Number = {3},
	Pages = {119 - 128},
	Title = {Using separation algorithms to generate mixed integer model reformulations},
	Url = {http://www.sciencedirect.com/science/article/B6V8M-48MPSKK-5C/2/0fb54df5f7078ba8efd3cb3c2b8e6f3b},
	Volume = {10},
	Year = {1991},
	Bdsk-Url-1 = {http://www.sciencedirect.com/science/article/B6V8M-48MPSKK-5C/2/0fb54df5f7078ba8efd3cb3c2b8e6f3b},
	Bdsk-Url-2 = {http://dx.doi.org/10.1016/0167-6377(91)90028-N}}

@article{KolliopoulosM13a,
	Author = {Stavros G. Kolliopoulos and Yannis Moysoglou},
	Bibsource = {DBLP, http://dblp.uni-trier.de},
	Ee = {http://arxiv.org/abs/1312.1819},
	Journal = {CoRR},
	Title = {Exponential lower bounds on the size of approximate formulations in the natural encoding for Capacitated Facility Location},
	Volume = {abs/1312.1819},
	Year = {2013}}

@book{KorteVygenBook,
	Address = {Berlin},
	Author = {Korte, B. and Vygen, J.},
	Date-Added = {2011-10-17 21:02:34 +0200},
	Date-Modified = {2011-10-17 21:02:34 +0200},
	Edition = {Third},
	Publisher = {Springer-Verlag},
	Series = {Algorithms and Combinatorics},
	Title = {Combinatorial optimization},
	Volume = {21},
	Year = {2006}}

@book{KushilevitzNisan97,
	Author = {Kushilevitz, E. and Nisan, N.},
	Date-Added = {2011-09-13 20:11:37 +0000},
	Date-Modified = {2011-09-13 22:05:58 +0000},
	Publisher = {Cambridge University Press},
	Title = {Communication complexity},
	Year = {1997}}

@incollection{KushilevitzWeinreb2009,
	Author = {Kushilevitz, E. and Weinreb, E.},
	Booktitle = {2009 50th {A}nnual {IEEE} {S}ymposium on {F}oundations of {C}omputer {S}cience ({FOCS} 2009)},
	Date-Added = {2011-10-17 21:02:34 +0200},
	Date-Modified = {2011-10-17 21:02:34 +0200},
	Doi = {10.1109/FOCS.2009.15},
	Pages = {63--72},
	Publisher = {IEEE Computer Soc., Los Alamitos, CA},
	Title = {The communication complexity of set-disjointness with small sets and 0-1 intersection},
	Year = {2009},
	Bdsk-Url-1 = {http://dx.doi.org/10.1109/FOCS.2009.15}}

@incollection{KushilevitzWeinreb2009b,
	Author = {Kushilevitz, E. and Weinreb, E.},
	Booktitle = {Proc.\ STOC 2009},
	Date-Added = {2011-10-17 21:02:34 +0200},
	Date-Modified = {2011-10-17 21:02:34 +0200},
	Doi = {10.1109/FOCS.2009.15},
	Pages = {465--474},
	Publisher = {ACM},
	Title = {On the complexity of communication complexity},
	Year = {2009},
	Bdsk-Url-1 = {http://dx.doi.org/10.1109/FOCS.2009.15}}

@article{Lasserre02,
	Author = {Lasserre, J.~B.},
	Date-Added = {2011-10-17 21:02:34 +0200},
	Date-Modified = {2011-10-17 21:02:34 +0200},
	Doi = {10.1137/S1052623400380079},
	Journal = {SIAM J. Optim.},
	Pages = {756--769},
	Title = {An explicit equivalent positive semidefinite program for nonlinear {$0$}-{$1$} programs},
	Volume = {12},
	Year = {2002},
	Bdsk-Url-1 = {http://dx.doi.org/10.1137/S1052623400380079}}

@incollection{Laurent09,
	Author = {Laurent, M.},
	Booktitle = {Emerging Applications of Algebraic Geometry},
	Date-Added = {2011-10-17 21:02:34 +0200},
	Date-Modified = {2011-10-17 21:02:34 +0200},
	Editor = {Putinar, M. and Sullivant, S.},
	Pages = {157--270},
	Publisher = {Springer},
	Series = {IMA Volumes in Mathematics and its Applications},
	Title = {Sums of squares, moment matrices and optimization over polynomials},
	Volume = {149},
	Year = {2009}}

@article{Laurent2003,
	Author = {Laurent, Monique},
	File = {:home/aurko/Dropbox/academic/current/SDP/MoniqueLaurentLasserreSos.pdf:pdf},
	Number = {1},
	Pages = {1--33},
	Title = {{Semidefinite Representations for Finite Varieties}},
	Year = {2003}}

@incollection{LaurentRendl05,
	Author = {Laurent, M. and Rendl, F.},
	Booktitle = {Handbook on Discrete Optimization},
	Date-Added = {2011-10-17 21:02:34 +0200},
	Date-Modified = {2011-10-17 21:02:34 +0200},
	Editor = {Aardal, K. and Nemhauser, G. and Weismantel, R.},
	Pages = {393--514},
	Publisher = {Elsevier B.~V.},
	Title = {Semidefinite Programming and Integer Programming},
	Year = {2005}}

@article{LeeSeung1999,
	Author = {Lee, D.~D. and Seung, S.~H.},
	Date-Added = {2011-10-17 21:02:34 +0200},
	Date-Modified = {2011-10-17 21:02:34 +0200},
	Journal = {Nature},
	Pages = {788--791},
	Title = {Learning the parts of objects by non-negative factorization},
	Volume = {401},
	Year = {1999}}

@book{LeeBook,
	Address = {Cambridge},
	Author = {Lee, J.},
	Date-Added = {2011-10-17 21:02:34 +0200},
	Date-Modified = {2011-10-17 21:02:34 +0200},
	Doi = {10.1017/CBO9780511616655},
	Publisher = {Cambridge University Press},
	Series = {Cambridge Texts in Applied Mathematics},
	Title = {A first course in combinatorial optimization},
	Year = {2004},
	Bdsk-Url-1 = {http://dx.doi.org/10.1017/CBO9780511616655}}

@inproceedings{lee2014power,
	Author = {Lee, James R. and Raghavendra, Prasad and Steurer, David and Tan, Ning},
	Booktitle = {Proceedings of the 2014 IEEE 29th Conference on Computational Complexity},
	Organization = {IEEE Computer Society},
	Pages = {13--21},
	Title = {On the Power of Symmetric {LP} and {SDP} Relaxations},
	Year = {2014}}

@inproceedings{LMRSS11,
	Address = {Palm Springs, CA, USA},
	Author = {Lee, T. and Mittal, R. and Reichardt, B.~W. and {\v{S}}palek, R. and Szegedy, M.},
	Booktitle = {Proc.\ FOCS 2011},
	Date-Added = {2011-10-17 21:02:34 +0200},
	Date-Modified = {2011-10-17 21:02:34 +0200},
	Note = {To appear},
	Publisher = {{IEEE} Computer Society},
	Title = {Quantum query complexity of state conversion},
	Year = {2011}}

@book{lemarechal1996convex,
	Author = {Lemar{\'e}chal, C. and Hiriart-Urruty, J.B.},
	Date-Added = {2011-10-27 12:51:16 +0000},
	Date-Modified = {2011-10-27 12:51:28 +0000},
	Publisher = {Springer},
	Title = {Convex analysis and minimization algorithms I},
	Year = {1996}}

@article{Lin91,
	Author = {Jianhua Lin},
	Doi = {10.1109/18.61115},
	Journal = {IEEE Transactions on information theory},
	Month = jan,
	Number = {I},
	Pages = {145--151},
	Title = {Divergence Measures Based on the Shannon Entropy},
	Url2 = {http://citeseerx.ist.psu.edu/viewdoc/download?doi=10.1.1.127.9167&rep=rep1&type=pdf},
	Volume = {37},
	Year = {1991},
	Bdsk-Url-1 = {http://dx.doi.org/10.1109/18.61115}}

@incollection{Lovasz90,
	Author = {Lov{\'a}sz, L.},
	Booktitle = {Paths, flows, and {VLSI}-{L}ayout},
	Date-Added = {2011-10-17 21:02:34 +0200},
	Date-Modified = {2011-10-17 21:02:34 +0200},
	Editor = {Korte, B. and Lov{\'a}sz, L. and Pr\"omel, H.~J. and Schrijver, A.},
	Pages = {235--265},
	Publisher = {Springer},
	Title = {Communication Complexity: a Survey},
	Year = {1990}}

@incollection{Lovasz03,
	Address = {New York},
	Author = {Lov{\'a}sz, L.},
	Booktitle = {Recent advances in algorithms and combinatorics},
	Date-Added = {2011-10-17 21:02:34 +0200},
	Date-Modified = {2011-10-17 21:02:34 +0200},
	Doi = {10.1007/0-387-22444-0_6},
	Pages = {137--194},
	Publisher = {Springer},
	Series = {CMS Books Math./Ouvrages Math. SMC},
	Title = {Semidefinite programs and combinatorial optimization},
	Volume = {11},
	Year = {2003},
	Bdsk-Url-1 = {http://dx.doi.org/10.1007/0-387-22444-0_6}}

@article{Lovasz1994,
	Author = {Lov{\'a}sz, L.},
	Date-Added = {2011-10-17 21:02:34 +0200},
	Date-Modified = {2011-10-17 21:02:34 +0200},
	Journal = {Discrete Math.},
	Pages = {137--153},
	Title = {Stable sets and polynomials},
	Volume = {124},
	Year = {1994}}

@article{Lovasz79,
	Author = {Lov{\'a}sz, L.},
	Date-Added = {2011-10-17 21:02:34 +0200},
	Date-Modified = {2011-10-17 21:02:34 +0200},
	Doi = {10.1109/TIT.1979.1055985},
	Journal = {IEEE Trans. Inform. Theory},
	Pages = {1--7},
	Title = {On the {S}hannon capacity of a graph},
	Volume = {25},
	Year = {1979},
	Bdsk-Url-1 = {http://dx.doi.org/10.1109/TIT.1979.1055985}}

@article{Lovasz_greedy,
	Author = {Lov{\'a}sz, L.},
	Date-Added = {2011-10-17 21:02:34 +0200},
	Date-Modified = {2011-10-17 21:02:34 +0200},
	Doi = {10.1016/0012-365X(75)90058-8},
	Issn = {0012-365X},
	Journal = {Discrete Mathematics},
	Number = {4},
	Pages = {383--390},
	Title = {On the ratio of optimal integral and fractional covers},
	Volume = {13},
	Year = {1975},
	Bdsk-Url-1 = {http://dx.doi.org/10.1016/0012-365X(75)90058-8}}

@article{LovaszSchrijver1991,
	Author = {Lov{\'a}sz, L. and Schrijver, A.},
	Date-Added = {2011-10-17 21:02:34 +0200},
	Date-Modified = {2011-10-27 10:42:41 +0200},
	Doi = {10.1137/0801013},
	Journal = {SIAM J. Optim.},
	Pages = {166--190},
	Title = {Cones of matrices and set-functions and {$0$}-{$1$} optimization},
	Volume = {1},
	Year = {1991},
	Bdsk-Url-1 = {http://dx.doi.org/10.1137/0801013}}

@article{LS,
	Author = {Lov{\'a}sz, L. and Schrijver, A.},
	Date-Added = {2011-04-03 01:32:30 +0200},
	Date-Modified = {2011-04-03 01:32:30 +0200},
	Journal = {SIAM Journal on Optimization},
	Pages = {166--190},
	Title = {Cones of matrices and set-functions and 0-1 optimization},
	Volume = {1},
	Year = {1991}}

@incollection{Lov90,
	Author = {L. Lov\'asz},
	Booktitle = {Paths, flows, and {VLSI}-layout},
	Editor = {B. Korte and L. Lov\'asz and H. Pr{\"o}mel and A. Schrijver},
	Pages = {235--265},
	Publisher = {Springer},
	Title = {Communication complexity: A survey},
	Year = {1990}}

@unpublished{LRS14,
	Author = {Lee, J.R. and Raghavendra, P. and Steurer, D.},
	Note = {presented at Oberwolfach Workshop 11/2014},
	Title = {Lower bounds on the size of Semidefinite Programming Formulations},
	Year = {2014}}

@article{AutPositiveCone,
	Author = {M. Seetharama Gowda, Roman Sznajder, Jiyuan Tao},
	Doi = {10.1016/j.laa.2011.10.006},
	Journal = {Linear Algebra and its Applications},
	Pages = {3862--3871},
	Title = {The automorphism group of a completely positive cone and its {L}ie algebra},
	Volume = {438},
	Year = {2013},
	Bdsk-Url-1 = {http://dx.doi.org/10.1016/j.laa.2011.10.006}}

@article{mathieu2009,
	Author = {Mathieu, Clair and Sinclair, Alistair},
	Date-Added = {2011-04-03 02:02:30 +0200},
	Date-Modified = {2011-04-03 02:02:30 +0200},
	Journal = {Proceedings of the 41st Annual ACM Symposium on Theory of Computing},
	Pages = {293--302},
	Title = {{S}herali-{A}dams relaxations of the matching polytope},
	Year = {2009}}

@book{mermin2007quantum,
	Author = {Mermin, N.D.},
	Date-Added = {2011-09-13 12:25:21 +0000},
	Date-Modified = {2011-09-13 22:05:25 +0000},
	Publisher = {Cambridge University Press},
	Title = {Quantum computer science: an introduction},
	Year = {2007}}

@article{moitra2012singly,
	Author = {Moitra, Ankur},
	Date-Added = {2013-03-14 01:48:58 +0000},
	Date-Modified = {2013-03-14 01:48:58 +0000},
	Journal = {arXiv preprint arXiv:1205.0044},
	Title = {A Singly-Exponential Time Algorithm for Computing Nonnegative Rank},
	Year = {2012}}

@book{NesterovNemirovskiiBook,
	Address = {Philadelphia, PA},
	Author = {Nesterov, Y. and Nemirovski, A.},
	Date-Added = {2011-10-17 21:02:34 +0200},
	Date-Modified = {2011-10-17 21:02:34 +0200},
	Isbn = {0-89871-319-6},
	Mrclass = {90-02 (65K05 90C25)},
	Mrnumber = {1258086 (94m:90005)},
	Pages = {x+405},
	Publisher = {Society for Industrial and Applied Mathematics (SIAM)},
	Series = {SIAM Studies in Applied Mathematics},
	Title = {Interior-point polynomial algorithms in convex programming},
	Volume = {13},
	Year = {1994}}

@book{vonNeumannMorgenstern1944,
	Address = {Princeton, NJ},
	Author = {von Neumann, J. and Morgenstern, O.},
	Date-Added = {2011-10-17 21:02:34 +0200},
	Date-Modified = {2011-10-17 21:02:34 +0200},
	Publisher = {Princeton University Press},
	Title = {Theory of Games and Economic Behavior},
	Year = {1944}}

@book{NielsenChuangBook,
	Address = {Cambridge},
	Author = {Nielsen, M.~A. and Chuang, I.~L.},
	Date-Added = {2011-10-26 09:10:32 +0200},
	Date-Modified = {2011-10-26 09:11:08 +0200},
	Publisher = {Cambridge University Press},
	Title = {Quantum computation and quantum information},
	Year = {2000}}

@article{papp13._semid,
	Archiveprefix = {arXiv},
	Author = {D{\'{a}}vid Papp and Farid Alizadeh},
	Doi = {10.1137/110843265},
	Journal = {SIAM J. Optim.},
	Month = jul,
	Number = {3},
	Pages = {1398--1423},
	Primaryclass = {math},
	Title = {Semidefinite characterization of sum-of-squares cones in algebras},
	Volume = {23},
	Year = {2013},
	Bdsk-Url-1 = {http://dx.doi.org/10.1137/110843265}}

@article{Parrilo2012,
	Archiveprefix = {arXiv},
	Arxivid = {arXiv:1111.3164v2},
	Author = {Parrilo, Pablo A and Thomas, Rekha and Ao, J O},
	Eprint = {arXiv:1111.3164v2},
	File = {:home/aurko/Dropbox/academic/current/Polytopes/ Lifts of convex sets and cone factorizations.pdf:pdf},
	Pages = {1--23},
	Title = {{Lifts of convex sets and cone factorizations ˜}},
	Year = {2012}}

@article{Parrilo2012a,
	Archiveprefix = {arXiv},
	Arxivid = {arXiv:1111.3164v2},
	Author = {Parrilo, Pablo A and Thomas, Rekha and Ao, J O},
	Eprint = {arXiv:1111.3164v2},
	File = {:home/aurko/Dropbox/academic/current/Polytopes/ Lifts of convex sets and cone factorizations.pdf:pdf},
	Pages = {1--23},
	Title = {{Lifts of convex sets and cone factorizations ˜}},
	Year = {2012}}

@misc{Pashkovich09,
	Archiveprefix = {arXiv},
	Author = {Pashkovich, K.},
	Date-Added = {2011-10-17 21:02:34 +0200},
	Date-Modified = {2011-10-17 21:02:34 +0200},
	Eprint = {0912.3446},
	Note = {\href{http://arxiv.org/abs/0912.3446}{arXiv:0912.3446}},
	Primaryclass = {math.CO},
	Title = {Symmetry in Extended Formulations of the Permutahedron},
	Year = {2009}}

@article{VP2013,
	Author = {Pokutta, S. and Van Vyve, M.},
	Date-Added = {2013-03-14 01:34:55 +0000},
	Date-Modified = {2013-03-21 21:32:27 +0000},
	Journal = {{to appear in Operations Research Letters}},
	Title = {{A note on the extension complexity of the knapsack polytope}},
	Year = {2013}}

@unpublished{razbAB2012,
	Author = {Razborov, A.~A.},
	Date-Added = {2013-02-19 22:18:07 +0000},
	Date-Modified = {2013-02-19 22:19:24 +0000},
	Title = {personal communication},
	Year = {2012}}

@article{Razborov92,
	Author = {Razborov, A.~A.},
	Bibsource = {DBLP, http://dblp.uni-trier.de},
	Date-Added = {2011-10-17 21:02:34 +0200},
	Date-Modified = {2011-10-17 21:02:34 +0200},
	Journal = {Theoret. Comput. Sci.},
	Number = {2},
	Pages = {385-390},
	Title = {On the Distributional Complexity of Disjointness},
	Volume = {106},
	Year = {1992}}

@article{rothvoss2013matching,
	Author = {Rothvo{\ss}, Thomas},
	Date-Added = {2014-03-17 20:48:20 +0000},
	Date-Modified = {2014-03-19 20:38:53 +0000},
	Journal = {Proceedings of {STOC}},
	Title = {The matching polytope has exponential extension complexity},
        pages = {263--272},
	Year = {2014}}

@article{Rothvoss11,
	Archiveprefix = {arXiv},
	Author = {Rothvo{\ss}, T.},
	Date-Added = {2011-10-17 21:02:34 +0200},
	Date-Modified = {2013-06-22 16:20:54 -0400},
	Eprint = {1105.0036},
	Journal = {Math. Programming},
	Note = {\href{http://arxiv.org/abs/1105.0036}{arXiv:1105.0036}},
	Primaryclass = {math.CO},
	Title = {Some 0/1 polytopes need exponential size extended formulations},
	Year = {2012}}

@misc{Santos2010,
	Archiveprefix = {arXiv},
	Author = {Santos, F.},
	Date-Added = {2011-10-17 21:02:34 +0200},
	Date-Modified = {2011-10-17 21:02:34 +0200},
	Eprint = {1006.2814},
	Note = {\href{http://arxiv.org/abs/1006.2814}{arXiv:1006.2814}},
	Primaryclass = {math.CO},
	Title = {A counter-example to the Hirsch conjecture},
	Year = {2010}}

@incollection{STT2007,
	Author = {Schoenebeck, G. and Trevisan, L. and Tulsiani, M.},
	Booktitle = {Proc.\ STOC 2007},
	Date-Added = {2011-10-17 21:02:34 +0200},
	Date-Modified = {2011-10-17 21:02:34 +0200},
	Doi = {10.1145/1250790.1250836},
	Pages = {302--310},
	Publisher = {ACM},
	Title = {Tight integrality gaps for {L}ovasz-{S}chrijver {LP} relaxations of vertex cover and max cut},
	Year = {2007},
	Bdsk-Url-1 = {http://dx.doi.org/10.1145/1250790.1250836}}

@book{SchrijverBook,
	Address = {Berlin},
	Author = {Schrijver, A.},
	Date-Added = {2011-10-17 21:02:34 +0200},
	Date-Modified = {2011-10-17 21:02:34 +0200},
	Publisher = {Springer-Verlag},
	Title = {Combinatorial optimization. {P}olyhedra and efficiency},
	Year = {2003}}

@book{SchrijverBookA03,
	Address = {Berlin},
	Author = {Schrijver, A.},
	Date-Added = {2011-10-17 21:02:34 +0200},
	Date-Modified = {2011-10-17 21:02:34 +0200},
	Isbn = {3-540-44389-4},
	Mrclass = {90-02 (05-02 52B55 68Q25 68R10 90C27 90C35 90C57)},
	Mrnumber = {1956924 (2004b:90004a)},
	Mrreviewer = {Alexander I. Barvinok},
	Note = {Paths, flows, matchings, Chapters 1--38},
	Pages = {xxxviii+647},
	Publisher = {Springer-Verlag},
	Series = {Algorithms and Combinatorics},
	Title = {Combinatorial optimization. {P}olyhedra and efficiency. {V}ol. {A}},
	Volume = {24},
	Year = {2003}}

@book{SchrijverBookB03,
	Address = {Berlin},
	Author = {Schrijver, A.},
	Date-Added = {2011-10-17 21:02:34 +0200},
	Date-Modified = {2011-10-17 21:02:34 +0200},
	Isbn = {3-540-44389-4},
	Mrclass = {90-02 (05-02 52B55 68Q25 68R10 90C27 90C35 90C57)},
	Mrnumber = {1956925 (2004b:90004b)},
	Mrreviewer = {Alexander I. Barvinok},
	Note = {Matroids, trees, stable sets, Chapters 39--69},
	Pages = {i--xxxiv and 649--1217},
	Publisher = {Springer-Verlag},
	Series = {Algorithms and Combinatorics},
	Title = {Combinatorial optimization. {P}olyhedra and efficiency. {V}ol. {B}},
	Volume = {24},
	Year = {2003}}

@book{SchrijverBookC03,
	Address = {Berlin},
	Author = {Schrijver, A.},
	Date-Added = {2011-10-17 21:02:34 +0200},
	Date-Modified = {2011-10-17 21:02:34 +0200},
	Isbn = {3-540-44389-4},
	Mrclass = {90-02 (05-02 52B55 68Q25 68R10 90C27 90C35 90C57)},
	Mrnumber = {1956926 (2004b:90004c)},
	Mrreviewer = {Alexander I. Barvinok},
	Note = {Disjoint paths, hypergraphs, Chapters 70--83},
	Pages = {i--xxxiv and 1219--1881},
	Publisher = {Springer-Verlag},
	Series = {Algorithms and Combinatorics},
	Title = {Combinatorial optimization. {P}olyhedra and efficiency. {V}ol. {C}},
	Volume = {24},
	Year = {2003}}

@article{Shannon49,
	Author = {Shannon, C.~E.},
	Date-Added = {2011-10-17 21:02:34 +0200},
	Date-Modified = {2011-10-17 21:02:34 +0200},
	Journal = {Bell System Tech. J.},
	Pages = {59--98},
	Title = {The synthesis of two-terminal switching circuits},
	Volume = {25},
	Year = {1949}}

@article{SheraliAdams1990,
	Author = {Sherali, Hanif~D. and Adams, Warren~P.},
	Date-Added = {2011-10-17 21:02:34 +0200},
	Date-Modified = {2011-10-17 21:02:34 +0200},
	Doi = {10.1137/0403036},
	Journal = {SIAM J. Discrete Math.},
	Pages = {411--430},
	Title = {A hierarchy of relaxations between the continuous and convex hull representations for zero-one programming problems},
	Volume = {3},
	Year = {1990},
	Bdsk-Url-1 = {http://dx.doi.org/10.1137/0403036}}

@article{2013arXiv1303.1960S,
	Adsnote = {Provided by the SAO/NASA Astrophysics Data System},
	Adsurl = {http://adsabs.harvard.edu/abs/2013arXiv1303.1960S},
	Archiveprefix = {arXiv},
	Author = {{Shitov}, Y.},
	Date-Added = {2013-03-15 14:30:43 +0000},
	Date-Modified = {2013-03-15 14:30:43 +0000},
	Eprint = {1303.1960},
	Journal = {ArXiv e-prints},
	Keywords = {Mathematics - Combinatorics},
	Month = mar,
	Primaryclass = {math.CO},
	Title = {{An upper bound for nonnegative rank}},
	Year = {2013}}

@inproceedings{SpielmanTeng2001,
	Author = {Spielman, D. and Shang-Hua, T.},
	Booktitle = {Proc.\ STOC 2001},
	Date-Added = {2011-10-17 21:02:34 +0200},
	Date-Modified = {2011-10-17 21:02:34 +0200},
	Pages = {296--305},
	Publisher = {ACM},
	Title = {Smoothed analysis of algorithms: why the simplex algorithm usually takes polynomial time},
	Year = {2001}}

@incollection{tuncel2000potential,
	Author = {Tuncel, Levent},
	Booktitle = {Handbook of semidefinite programming},
	Pages = {235--265},
	Publisher = {Springer},
	Title = {Potential reduction and primal-dual methods},
	Year = {2000}}

@article{VandenbergheBoyd96,
	Author = {Vandenberghe, Lieven and Boyd, Stephen},
	Date-Added = {2011-10-17 21:02:34 +0200},
	Date-Modified = {2011-10-17 21:02:34 +0200},
	Journal = {SIAM Rev.},
	Pages = {49--95},
	Title = {Semidefinite Programming},
	Volume = {38},
	Year = {1996}}

@incollection{VanderbeckWolsey2010,
	Author = {Vanderbeck, F. and Wolsey, L.~A.},
	Booktitle = {50 {Y}ears of {I}nteger {P}rogramming 1958-2008},
	Date-Added = {2011-10-17 21:02:34 +0200},
	Date-Modified = {2011-10-17 21:02:34 +0200},
	Editor = {M.~J{\"u}nger et al.},
	Pages = {431--502},
	Publisher = {Springer},
	Title = {Reformulation and decomposition of integer programs},
	Year = {2010}}

@article{Vavasis09,
	Author = {Vavasis, S.~A.},
	Bibsource = {DBLP, http://dblp.uni-trier.de},
	Date-Added = {2011-10-17 21:02:34 +0200},
	Date-Modified = {2011-10-17 21:02:34 +0200},
	Ee = {http://dx.doi.org/10.1137/070709967},
	Journal = {SIAM J. Optim.},
	Number = {3},
	Pages = {1364-1377},
	Title = {On the Complexity of Nonnegative Matrix Factorization},
	Volume = {20},
	Year = {2009}}

@book{VaziraniBook01,
	Author = {Vazirani, V.~V.},
	Bibsource = {DBLP, http://dblp.uni-trier.de},
	Date-Added = {2011-10-17 21:02:34 +0200},
	Date-Modified = {2011-10-17 21:02:34 +0200},
	Ee = {http://www.springer.com/computer/theoretical+computer+science/book/978-3-540-65367-7},
	Isbn = {978-3-540-65367-7},
	Pages = {I-IXI, 1-378},
	Publisher = {Springer},
	Title = {Approximation algorithms},
	Year = {2001}}

@article{venkatasubramanian2013computational,
	Author = {Venkatasubramanian, Suresh},
	Date-Added = {2013-03-15 13:45:48 +0000},
	Date-Modified = {2013-03-15 13:45:48 +0000},
	Journal = {ACM SIGACT News},
	Number = {1},
	Pages = {70--78},
	Publisher = {ACM},
	Title = {Computational geometry column 55: new developments in nonnegative matrix factorization},
	Volume = {44},
	Year = {2013}}

@book{WilliamsonShmoysBook11,
	Address = {Cambridge},
	Author = {Williamson, D.~P. and Shmoys, D.~B.},
	Date-Added = {2011-10-17 21:02:34 +0200},
	Date-Modified = {2011-10-17 21:02:34 +0200},
	Publisher = {Cambridge University Press},
	Title = {The design of approximation algorithms},
	Year = {2011}}

@article{witsenhausen1976values,
	Author = {Witsenhausen, Hans S},
	Date-Added = {2013-03-14 20:43:43 +0000},
	Date-Modified = {2013-03-14 20:43:43 +0000},
	Journal = {SIAM Journal on Applied Mathematics},
	Number = {2},
	Pages = {313--333},
	Publisher = {SIAM},
	Title = {Values and bounds for the common information of two discrete random variables},
	Volume = {31},
	Year = {1976}}

@unpublished{Woeginger_PvsNP,
	Author = {Woeginger, G.~J.},
	Date-Added = {2011-11-08 11:59:06 +0100},
	Date-Modified = {2011-11-08 16:53:14 +0100},
	Lastchecked = {November 8, 2011},
	Month = {November},
	Note = {\href{http://www.win.tue.nl/~gwoegi/P-versus-NP.htm}{\url{http://www.win.tue.nl/~gwoegi/P-versus-NP.htm}}},
	Title = {{P}-versus-{NP} page},
	Year = {2011}}

@article{Wolf03,
	Author = {Wolf, R. {de}},
	Date-Added = {2011-10-17 21:02:34 +0200},
	Date-Modified = {2013-03-25 21:38:04 +0000},
	Journal = {SIAM Journal on Computing},
	Number = {3},
	Pages = {681--699},
	Title = {Nondeterministic quantum query and communication complexities},
	Volume = {32},
	Year = {2003}}

@article{Wolf02,
	Author = {Wolf, R. de},
	Date-Added = {2011-09-13 19:43:00 +0000},
	Date-Modified = {2011-11-04 14:45:22 +0100},
	Journal = {Theoret.\ Comput.\ Sci.},
	Pages = {337--353},
	Publisher = {Elsevier},
	Title = {Quantum communication and complexity},
	Volume = {287},
	Year = {2002}}

@inproceedings{Wolf00,
	Author = {Wolf, R. de},
	Booktitle = {Proc.\ CCC 2000},
	Date-Modified = {2011-11-04 14:45:31 +0100},
	Note = {cs.CC/0001014},
	Pages = {271--278},
	Title = {Characterization of Non-Deterministic Quantum Query and Quantum Communication Complexity},
	Year = {2000}}

@article{Wolsey11,
	Author = {Wolsey, L.~A.},
	Date-Added = {2011-10-17 21:02:34 +0200},
	Date-Modified = {2011-10-17 21:02:34 +0200},
	Journal = {Optima},
	Pages = {7--9},
	Title = {Using extended formulations in practice},
	Volume = {85},
	Year = {2011}}

@book{WolseyBook,
	Address = {New York},
	Author = {Wolsey, L.~A.},
	Date-Added = {2011-10-17 21:02:34 +0200},
	Date-Modified = {2011-10-17 21:02:34 +0200},
	Publisher = {John Wiley \& Sons Inc.},
	Series = {Wiley-Interscience Series in Discrete Mathematics and Optimization},
	Title = {Integer programming},
	Year = {1998}}

@article{wyner1975common,
	Author = {Wyner, Aaron},
	Date-Added = {2013-03-14 18:34:52 +0000},
	Date-Modified = {2013-03-14 18:34:52 +0000},
	Journal = {Information Theory, IEEE Transactions on},
	Number = {2},
	Pages = {163--179},
	Publisher = {IEEE},
	Title = {The common information of two dependent random variables},
	Volume = {21},
	Year = {1975}}

@inproceedings{yao1993quantum,
	Author = {Yao, A.C.C.},
	Booktitle = {34th Annual Symposium on Foundations of Computer Science: November 3-5, 1993, Palo Alto, California: proceedings [papers]},
	Date-Added = {2011-09-13 19:35:25 +0000},
	Date-Modified = {2011-09-13 19:35:25 +0000},
	Organization = {IEEE Computer Society},
	Pages = {352},
	Title = {Quantum Circuit Complexity},
	Year = {1993}}

@inproceedings{Yao1979,
	Author = {Yao, A.~C.},
	Bibsource = {DBLP, http://dblp.uni-trier.de},
	Booktitle = {STOC},
	Date-Added = {2011-10-17 21:02:34 +0200},
	Date-Modified = {2011-10-17 21:02:34 +0200},
	Pages = {209--213},
	Title = {Some complexity questions related to distributed computing},
	Year = {1979}}

@inproceedings{zhang2012quantum,
	Author = {Zhang, Shengyu},
	Booktitle = {Proceedings of the 3rd Innovations in Theoretical Computer Science Conference},
	Date-Added = {2013-03-14 20:51:42 +0000},
	Date-Modified = {2013-03-14 20:51:42 +0000},
	Organization = {ACM},
	Pages = {39--59},
	Title = {Quantum strategic game theory},
	Year = {2012}}

@book{Ziegler,
	Address = {Berlin},
	Author = {Ziegler, G.~M.},
	Date-Added = {2011-10-17 21:02:34 +0200},
	Date-Modified = {2011-10-17 21:02:34 +0200},
	Publisher = {Springer-Verlag},
	Series = {Graduate Texts in Mathematics},
	Title = {Lectures on Polytopes},
	Volume = {152},
	Year = {1995}}

@incollection{Ziegler:2000,
	Author = {Ziegler, G{\"u}nter M.},
	Booktitle = {Polytopes --- Combinatorics and Computation},
	Date-Added = {2013-06-20 08:20:52 -0400},
	Date-Modified = {2013-06-20 08:21:30 -0400},
	Doi = {10.1007/978-3-0348-8438-9_1},
	Editor = {Kalai, Gil and Ziegler, G{\"u}nter M.},
	Isbn = {978-3-7643-6351-2},
	Language = {English},
	Pages = {1-41},
	Publisher = {Birkh\"{a}user Basel},
	Series = {DMV Seminar},
	Title = {{Lectures on 0/1-Polytopes}},
	Url = {http://dx.doi.org/10.1007/978-3-0348-8438-9_1},
	Volume = {29},
	Year = {2000},
	Bdsk-Url-1 = {http://dx.doi.org/10.1007/978-3-0348-8438-9_1}}

@book{50yearsIP,
	Address = {Berlin},
	Date-Added = {2011-10-17 21:02:34 +0200},
	Date-Modified = {2011-10-17 21:02:34 +0200},
	Doi = {10.1007/978-3-540-68279-0},
	Editor = {J{\"u}nger, M. and Liebling, T. and Naddef, D. and Nemhauser, G. and Pulleyblank, W. and Reinelt, G. and Rinaldi, G. and Wolsey, L.~A.},
	Isbn = {978-3-540-68274-5},
	Mrclass = {90-03 (90-06 90C10 90C35)},
	Mrnumber = {2640549 (2011f:90001)},
	Mrreviewer = {Rainer Burkard},
	Pages = {xx+804},
	Publisher = {Springer-Verlag},
	Title = {50 years of integer programming 1958--2008},
	Url = {http://dx.doi.org/10.1007/978-3-540-68279-0},
	Year = {2010},
	Bdsk-Url-1 = {http://dx.doi.org/10.1007/978-3-540-68279-0}}
