@inproceedings{ma2016polynomial,
  title={Polynomial-time tensor decompositions with sum-of-squares},
  author={Ma, Tengyu and Shi, Jonathan and Steurer, David},
  booktitle={Foundations of Computer Science (FOCS), 2016 IEEE 57th Annual Symposium on},
  pages={438--446},
  year={2016},
  organization={IEEE}
}

@article{alaoui2018fundamental,
  title={Fundamental limits of detection in the spiked Wigner model},
  author={Alaoui, Ahmed El and Krzakala, Florent and Jordan, Michael I},
  journal={arXiv preprint arXiv:1806.09588},
  year={2018}
}

@article{perry2016optimality,
  title={Optimality and sub-optimality of PCA for spiked random matrices and synchronization},
  author={Perry, Amelia and Wein, Alexander S and Bandeira, Afonso S and Moitra, Ankur},
  journal={arXiv preprint arXiv:1609.05573},
  year={2016}
}

@article{zdeborova2016statistical,
  title={Statistical physics of inference: Thresholds and algorithms},
  author={Zdeborov{\'a}, Lenka and Krzakala, Florent},
  journal={Advances in Physics},
  volume={65},
  number={5},
  pages={453--552},
  year={2016},
  publisher={Taylor \& Francis}
}

@article{johnstone2001distribution,
  title={On the distribution of the largest eigenvalue in principal components analysis},
  author={Johnstone, Iain M},
  journal={Annals of statistics},
  pages={295--327},
  year={2001},
  publisher={JSTOR}
}

@article{moore2017computer,
  title={The computer science and physics of community detection: Landscapes, phase transitions, and hardness},
  author={Moore, Cristopher},
  journal={arXiv preprint arXiv:1702.00467},
  year={2017}
}

@inproceedings{diakonikolas2018list,
  title={List-decodable robust mean estimation and learning mixtures of spherical gaussians},
  author={Diakonikolas, Ilias and Kane, Daniel M and Stewart, Alistair},
  booktitle={Proceedings of the 50th Annual ACM SIGACT Symposium on Theory of Computing},
  pages={1047--1060},
  year={2018},
  organization={ACM}
}

@article{klivans2018efficient,
  title={Efficient Algorithms for Outlier-Robust Regression},
  author={Klivans, Adam and Kothari, Pravesh K and Meka, Raghu},
  journal={arXiv preprint arXiv:1803.03241},
  year={2018}
}

@inproceedings{hardt2013algorithms,
  title={Algorithms and hardness for robust subspace recovery},
  author={Hardt, Moritz and Moitra, Ankur},
  booktitle={Conference on Learning Theory},
  pages={354--375},
  year={2013}
}

@article{hopkins2018sub,
  title={Sub-Gaussian Mean Estimation in Polynomial Time},
  author={Hopkins, Samuel B},
  journal={arXiv preprint arXiv:1809.07425},
  year={2018}
}

@article{lugosi2018near,
  title={Near-optimal mean estimators with respect to general norms},
  author={Lugosi, G{\'a}bor and Mendelson, Shahar},
  journal={arXiv preprint arXiv:1806.06233},
  year={2018}
}

@article{lugosi2016risk,
  title={Risk minimization by median-of-means tournaments},
  author={Lugosi, Gabor and Mendelson, Shahar},
  journal={arXiv preprint arXiv:1608.00757},
  year={2016}
}

@article{barak2014sum,
  title={Sum-of-squares proofs and the quest toward optimal algorithms},
  author={Barak, Boaz and Steurer, David},
  journal={arXiv preprint arXiv:1404.5236},
  year={2014}
}

@inproceedings{barak2016noisy,
  title={Noisy tensor completion via the sum-of-squares hierarchy},
  author={Barak, Boaz and Moitra, Ankur},
  booktitle={Conference on Learning Theory},
  pages={417--445},
  year={2016}
}

@inproceedings{hopkins2017efficient,
  title={Efficient Bayesian estimation from few samples: community detection and related problems},
  author={Hopkins, Samuel B and Steurer, David},
  booktitle={Foundations of Computer Science (FOCS), 2017 IEEE 58th Annual Symposium on},
  pages={379--390},
  year={2017},
  organization={IEEE}
}

@article{kothari2017outlier,
  title={Outlier-robust moment-estimation via sum-of-squares},
  author={Kothari, Pravesh K and Steurer, David},
  journal={arXiv preprint arXiv:1711.11581},
  year={2017}
}

@article{kothari2017better,
  title={Better agnostic clustering via relaxed tensor norms},
  author={Kothari, Pravesh K and Steinhardt, Jacob},
  journal={arXiv preprint arXiv:1711.07465},
  year={2017}
}

@inproceedings{hopkins2018mixture,
  title={Mixture models, robustness, and sum of squares proofs},
  author={Hopkins, Samuel B and Li, Jerry},
  booktitle={Proceedings of the 50th Annual ACM SIGACT Symposium on Theory of Computing},
  pages={1021--1034},
  year={2018},
  organization={ACM}
}

@inproceedings{kothari2017approximating,
  title={Approximating rectangles by juntas and weakly-exponential lower bounds for LP relaxations of CSPs},
  author={Kothari, Pravesh K and Meka, Raghu and Raghavendra, Prasad},
  booktitle={Proceedings of the 49th Annual ACM SIGACT Symposium on Theory of Computing},
  pages={590--603},
  year={2017},
  organization={ACM}
}

@article{dembo2017extremal,
  title={Extremal cuts of sparse random graphs},
  author={Dembo, Amir and Montanari, Andrea and Sen, Subhabrata and others},
  journal={The Annals of Probability},
  volume={45},
  number={2},
  pages={1190--1217},
  year={2017},
  publisher={Institute of Mathematical Statistics}
}


@article{hong2006multiscale,
  title={Multiscale hybrid linear models for lossy image representation},
  author={Hong, Wei and Wright, John and Huang, Kun and Ma, Yi},
  journal={IEEE Transactions on Image Processing},
  volume={15},
  number={12},
  pages={3655--3671},
  year={2006},
  publisher={IEEE}
}

@inproceedings{ho2003clustering,
  title={Clustering appearances of objects under varying illumination conditions},
  author={Ho, Jeffrey and Yang, Ming-Hsuan and Lim, Jongwoo and Lee, Kuang-Chih and Kriegman, David},
  booktitle={null},
  pages={11},
  year={2003},
  organization={IEEE}
}

@article{yang2008unsupervised,
  title={Unsupervised segmentation of natural images via lossy data compression},
  author={Yang, Allen Y and Wright, John and Ma, Yi and Sastry, S Shankar},
  journal={Computer Vision and Image Understanding},
  volume={110},
  number={2},
  pages={212--225},
  year={2008},
  publisher={Elsevier}
}

@article{vidal2008multiframe,
  title={Multiframe motion segmentation with missing data using PowerFactorization and GPCA},
  author={Vidal, Ren{\'e} and Tron, Roberto and Hartley, Richard},
  journal={International Journal of Computer Vision},
  volume={79},
  number={1},
  pages={85--105},
  year={2008},
  publisher={Springer}
}

@article{hastie1998metrics,
  title={Metrics and models for handwritten character recognition},
  author={Hastie, Trevor and Simard, Patrice Y},
  journal={Statistical Science},
  pages={54--65},
  year={1998},
  publisher={JSTOR}
}

@article{dunagan2004optimal,
  title={Optimal outlier removal in high-dimensional spaces},
  author={Dunagan, John and Vempala, Santosh},
  journal={Journal of Computer and System Sciences},
  volume={68},
  number={2},
  pages={335--373},
  year={2004},
  publisher={Elsevier}
}

@inproceedings{naor2013efficient,
  title={Efficient rounding for the noncommutative Grothendieck inequality},
  author={Naor, Assaf and Regev, Oded and Vidick, Thomas},
  booktitle={Proceedings of the forty-fifth annual ACM symposium on Theory of computing},
  pages={71--80},
  year={2013},
  organization={ACM}
}

@inproceedings{deshpande2011algorithms,
  title={Algorithms and hardness for subspace approximation},
  author={Deshpande, Amit and Tulsiani, Madhur and Vishnoi, Nisheeth K},
  booktitle={Proceedings of the twenty-second annual ACM-SIAM symposium on Discrete Algorithms},
  pages={482--496},
  year={2011},
  organization={Society for Industrial and Applied Mathematics}
}


 @article{lerman2015robust,
  title={Robust computation of linear models by convex relaxation},
  author={Lerman, Gilad and McCoy, Michael B and Tropp, Joel A and Zhang, Teng},
  journal={Foundations of Computational Mathematics},
  volume={15},
  number={2},
  pages={363--410},
  year={2015},
  publisher={Springer}
}
@article{soltanolkotabi2012geometric,
  title={A geometric analysis of subspace clustering with outliers},
  author={Soltanolkotabi, Mahdi and Candes, Emmanuel J and others},
  journal={The Annals of Statistics},
  volume={40},
  number={4},
  pages={2195--2238},
  year={2012},
  publisher={Institute of Mathematical Statistics}
}

@inproceedings{leskovec2005graphs,
  title={Graphs over time: densification laws, shrinking diameters and possible explanations},
  author={Leskovec, Jure and Kleinberg, Jon and Faloutsos, Christos},
  booktitle={Proceedings of the eleventh ACM SIGKDD international conference on Knowledge discovery in data mining},
  pages={177--187},
  year={2005},
  organization={ACM}
}

@inproceedings{faloutsos1999power,
  title={On power-law relationships of the internet topology},
  author={Faloutsos, Michalis and Faloutsos, Petros and Faloutsos, Christos},
  booktitle={ACM SIGCOMM computer communication review},
  volume={29},
  number={4},
  pages={251--262},
  year={1999},
  organization={ACM}
}

@article{nemirovsky1983problem,
  title={Problem complexity and method efficiency in optimization.},
  author={Nemirovsky, Arkadii Semenovich and Yudin, David Borisovich},
  year={1983}
}

@inproceedings{cohen2016geometric,
  title={Geometric median in nearly linear time},
  author={Cohen, Michael B and Lee, Yin Tat and Miller, Gary and Pachocki, Jakub and Sidford, Aaron},
  booktitle={Proceedings of the forty-eighth annual ACM symposium on Theory of Computing},
  pages={9--21},
  year={2016},
  organization={ACM}
}

@article{alon1999space,
  title={The space complexity of approximating the frequency moments},
  author={Alon, Noga and Matias, Yossi and Szegedy, Mario},
  journal={Journal of Computer and system sciences},
  volume={58},
  number={1},
  pages={137--147},
  year={1999},
  publisher={Elsevier}
}
@article{jerrum1986random,
  title={Random generation of combinatorial structures from a uniform distribution},
  author={Jerrum, Mark R and Valiant, Leslie G and Vazirani, Vijay V},
  journal={Theoretical Computer Science},
  volume={43},
  pages={169--188},
  year={1986},
  publisher={Elsevier}
}

@article{lugosi2017sub,
  title={Sub-Gaussian estimators of the mean of a random vector},
  author={Lugosi, G{\'a}bor and Mendelson, Shahar},
  journal={arXiv preprint arXiv:1702.00482},
  year={2017}
}

@article{minsker2015geometric,
  title={Geometric median and robust estimation in Banach spaces},
  author={Minsker, Stanislav and others},
  journal={Bernoulli},
  volume={21},
  number={4},
  pages={2308--2335},
  year={2015},
  publisher={Bernoulli Society for Mathematical Statistics and Probability}
}
@article{lerasle2011robust,
  title={Robust empirical mean estimators},
  author={Lerasle, Matthieu and Oliveira, Roberto I},
  journal={arXiv preprint arXiv:1112.3914},
  year={2011}
}

@article{hsu2016loss,
  title={Loss minimization and parameter estimation with heavy tails},
  author={Hsu, Daniel and Sabato, Sivan},
  journal={The Journal of Machine Learning Research},
  volume={17},
  number={1},
  pages={543--582},
  year={2016},
  publisher={JMLR. org}
}

@article{prasad2018robust,
  title={Robust estimation via robust gradient estimation},
  author={Prasad, Adarsh and Suggala, Arun Sai and Balakrishnan, Sivaraman and Ravikumar, Pradeep},
  journal={arXiv preprint arXiv:1802.06485},
  year={2018}
}

@article{nguyen2013exact,
  title={Exact Recoverability From Dense Corrupted Observations via $$\backslash$ell \_ $\{$1$\}$ $-Minimization},
  author={Nguyen, Nam H and Tran, Trac D},
  journal={IEEE transactions on information theory},
  volume={59},
  number={4},
  pages={2017--2035},
  year={2013},
  publisher={IEEE}
}

@article{klivans2009learning,
  title={Learning halfspaces with malicious noise},
  author={Klivans, Adam R and Long, Philip M and Servedio, Rocco A},
  journal={Journal of Machine Learning Research},
  volume={10},
  number={Dec},
  pages={2715--2740},
  year={2009}
}

@inproceedings{awasthi2014power,
  title={The power of localization for efficiently learning linear separators with noise},
  author={Awasthi, Pranjal and Balcan, Maria Florina and Long, Philip M},
  booktitle={Proceedings of the forty-sixth annual ACM symposium on Theory of computing},
  pages={449--458},
  year={2014},
  organization={ACM}
}

@inproceedings{diakonikolas2016robust,
  title={Robust estimators in high dimensions without the computational intractability},
  author={Diakonikolas, Ilias and Kamath, Gautam and Kane, Daniel M and Li, Jerry and Moitra, Ankur and Stewart, Alistair},
  booktitle={2016 IEEE 57th Annual Symposium on Foundations of Computer Science (FOCS)},
  pages={655--664},
  year={2016},
  organization={IEEE}
}

@inproceedings{lai2016agnostic,
  title={Agnostic estimation of mean and covariance},
  author={Lai, Kevin A and Rao, Anup B and Vempala, Santosh},
  booktitle={2016 IEEE 57th Annual Symposium on Foundations of Computer Science (FOCS)},
  pages={665--674},
  year={2016},
  organization={IEEE}
}

@article{diakonikolas2010bounded,
  title={Bounded independence fools halfspaces},
  author={Diakonikolas, Ilias and Gopalan, Parikshit and Jaiswal, Ragesh and Servedio, Rocco A and Viola, Emanuele},
  journal={SIAM Journal on Computing},
  volume={39},
  number={8},
  pages={3441--3462},
  year={2010},
  publisher={SIAM}
}

@article{soltanolkotabi2014robust,
  title={Robust subspace clustering},
  author={Soltanolkotabi, Mahdi and Elhamifar, Ehsan and Candes, Emmanuel J and others},
  journal={The Annals of Statistics},
  volume={42},
  number={2},
  pages={669--699},
  year={2014},
  publisher={Institute of Mathematical Statistics}
}

@article{elhamifar2013sparse,
  title={Sparse subspace clustering: Algorithm, theory, and applications},
  author={Elhamifar, Ehsan and Vidal, Rene},
  journal={IEEE transactions on pattern analysis and machine intelligence},
  volume={35},
  number={11},
  pages={2765--2781},
  year={2013},
  publisher={IEEE}
}

@inproceedings{elhamifar2009sparse,
  title={Sparse subspace clustering},
  author={Elhamifar, Ehsan and Vidal, Ren{\'e}},
  booktitle={2009 IEEE Conference on Computer Vision and Pattern Recognition},
  pages={2790--2797},
  year={2009},
  organization={IEEE}
}

@article{kothari2017better,
  title={Better agnostic clustering via relaxed tensor norms},
  author={Kothari, Pravesh K and Steinhardt, Jacob},
  journal={arXiv preprint arXiv:1711.07465},
  year={2017}
}

@article{wright2010dense,
  title={Dense Error Correction Via $$\backslash$ell\^{} 1$-Minimization},
  author={Wright, John and Ma, Yi},
  journal={IEEE Transactions on Information Theory},
  volume={56},
  number={7},
  pages={3540--3560},
  year={2010},
  publisher={IEEE}
}

@book{rousseeuw2005robust,
  title={Robust regression and outlier detection},
  author={Rousseeuw, Peter J and Leroy, Annick M},
  volume={589},
  year={2005},
  publisher={John wiley \& sons}
}

@inproceedings{diakonikolas2019efficient,
  title={Efficient algorithms and lower bounds for robust linear regression},
  author={Diakonikolas, Ilias and Kong, Weihao and Stewart, Alistair},
  booktitle={Proceedings of the Thirtieth Annual ACM-SIAM Symposium on Discrete Algorithms},
  pages={2745--2754},
  year={2019},
  organization={SIAM}
}

@inproceedings{bhatia2015robust,
  title={Robust regression via hard thresholding},
  author={Bhatia, Kush and Jain, Prateek and Kar, Purushottam},
  booktitle={Advances in Neural Information Processing Systems},
  pages={721--729},
  year={2015}
}

@article{nguyen2013robust,
  title={Robust lasso with missing and grossly corrupted observations},
  author={Nguyen, Nam H and Tran, Trac D},
  journal={IEEE transactions on information theory},
  volume={59},
  number={4},
  pages={2036--2058},
  year={2013},
  publisher={IEEE}
}

@inproceedings{chen2013robust,
  title={Robust sparse regression under adversarial corruption},
  author={Chen, Yudong and Caramanis, Constantine and Mannor, Shie},
  booktitle={International Conference on Machine Learning},
  pages={774--782},
  year={2013}
}


@article{herman2010general,
  title={General deviants: An analysis of perturbations in compressed sensing},
  author={Herman, Matthew A and Strohmer, Thomas},
  journal={IEEE Journal of Selected topics in signal processing},
  volume={4},
  number={2},
  pages={342--349},
  year={2010},
  publisher={IEEE}
}

@inproceedings{bhatia2017consistent,
  title={Consistent robust regression},
  author={Bhatia, Kush and Jain, Prateek and Kamalaruban, Parameswaran and Kar, Purushottam},
  booktitle={Advances in Neural Information Processing Systems},
  pages={2110--2119},
  year={2017}
}

@article{diakonikolas2018sever,
  title={Sever: A robust meta-algorithm for stochastic optimization},
  author={Diakonikolas, Ilias and Kamath, Gautam and Kane, Daniel M and Li, Jerry and Steinhardt, Jacob and Stewart, Alistair},
  journal={arXiv preprint arXiv:1803.02815},
  year={2018}
}

@inproceedings{balakrishnan2017computationally,
  title={Computationally efficient robust sparse estimation in high dimensions},
  author={Balakrishnan, Sivaraman and Du, Simon S and Li, Jerry and Singh, Aarti},
  booktitle={Conference on Learning Theory},
  pages={169--212},
  year={2017}
}
@inproceedings{catoni2012challenging,
  title={Challenging the empirical mean and empirical variance: a deviation study},
  author={Catoni, Olivier and others},
  booktitle={Annales de l'Institut Henri Poincar{\'e}, Probabilit{\'e}s et Statistiques},
  volume={48},
  number={4},
  pages={1148--1185},
  year={2012},
  organization={Institut Henri Poincar{\'e}}
}

@article{devroye2016sub,
  title={Sub-Gaussian mean estimators},
  author={Devroye, Luc and Lerasle, Matthieu and Lugosi, Gabor and Oliveira, Roberto I and others},
  journal={The Annals of Statistics},
  volume={44},
  number={6},
  pages={2695--2725},
  year={2016},
  publisher={Institute of Mathematical Statistics}
}

@inproceedings{CharikarSV17,
  title={Learning from untrusted data},
  author={Charikar, Moses and Steinhardt, Jacob and Valiant, Gregory},
  booktitle={Proceedings of the 49th Annual ACM SIGACT Symposium on Theory of Computing},
  pages={47--60},
  year={2017},
  organization={ACM}
}

@inproceedings{SteinhardtVC16,
  title={Avoiding imposters and delinquents: Adversarial crowdsourcing and peer prediction},
  author={Steinhardt, Jacob and Valiant, Gregory and Charikar, Moses},
  booktitle={Advances in Neural Information Processing Systems},
  pages={4439--4447},
  year={2016}
}

@inproceedings{SteinhardtKL17,
  title={Certified defenses for data poisoning attacks},
  author={Steinhardt, Jacob and Koh, Pang Wei W and Liang, Percy S},
  booktitle={Advances in neural information processing systems},
  pages={3517--3529},
  year={2017}
}

@inproceedings{BalcanBV08,
  title={A discriminative framework for clustering via similarity functions},
  author={Balcan, Maria-Florina and Blum, Avrim and Vempala, Santosh},
  booktitle={Proceedings of the fortieth annual ACM symposium on Theory of computing},
  pages={671--680},
  year={2008},
  organization={ACM}
}


@inproceedings{DiakonikolasKS18,
  title={List-decodable robust mean estimation and learning mixtures of spherical gaussians},
  author={Diakonikolas, Ilias and Kane, Daniel M and Stewart, Alistair},
  booktitle={Proceedings of the 50th Annual ACM SIGACT Symposium on Theory of Computing},
  pages={1047--1060},
  year={2018},
  organization={ACM}
}