@inproceedings{CharikarSV17dup,
  title={Learning from untrusted data},
  author={Charikar, Moses and Steinhardt, Jacob and Valiant, Gregory},
  booktitle={Proceedings of the 49th Annual ACM SIGACT Symposium on Theory of Computing},
  pages={47--60},
  year={2017},
  organization={ACM}
}

@article{dembo2017extremal_dup,
   title={Extremal cuts of sparse random graphs},
  author={Dembo, Amir and Montanari, Andrea and Sen, Subhabrata and others},
 journal={The Annals of Probability},
  volume={45},
  number={2},
  pages={1190--1217},
  year={2017},
  publisher={Institute of Mathematical Statistics}
}

@inproceedings{hopkins2017efficient_dup,
  title={Efficient Bayesian estimation from few samples: community detection and related problems},
 author={Hopkins, Samuel B and Steurer, David},
  booktitle={2017 IEEE 58th Annual Symposium on Foundations of Computer Science (FOCS)},
  pages={379--390},
  year={2017},
  organization={IEEE}
}

@inproceedings{SteinhardtVC16dup,
  title={Avoiding imposters and delinquents: Adversarial crowdsourcing and peer prediction},
  author={Steinhardt, Jacob and Valiant, Gregory and Charikar, Moses},
  booktitle={Advances in Neural Information Processing Systems},
  pages={4439--4447},
  year={2016}
}

@article{abbe2016exact,
  title={Exact recovery in the stochastic block model},
  author={Abbe, Emmanuel and Bandeira, Afonso S and Hall, Georgina},
  journal={IEEE Transactions on Information Theory},
  volume={62},
  number={1},
  pages={471--487},
  year={2016},
  publisher={IEEE}
}

@article{molloy1993chromatic,
  title={The chromatic number of sparse random graphs.},
  author={Molloy, MSO},
  year={1993}
}

@article{coja2018charting,
  title={Charting the replica symmetric phase},
  author={Coja-Oghlan, Amin and Efthymiou, Charilaos and Jaafari, Nor and Kang, Mihyun and Kapetanopoulos, Tobias},
  journal={Communications in Mathematical Physics},
  volume={359},
  number={2},
  pages={603--698},
  year={2018},
  publisher={Springer}
}

@article{krzakala2007gibbs,
  title={Gibbs states and the set of solutions of random constraint satisfaction problems},
  author={Krzaka{\l}a, Florent and Montanari, Andrea and Ricci-Tersenghi, Federico and Semerjian, Guilhem and Zdeborov{\'a}, Lenka},
  journal={Proceedings of the National Academy of Sciences},
  volume={104},
  number={25},
  pages={10318--10323},
  year={2007},
  publisher={National Acad Sciences}
}


@article{achlioptas2005two,
  title={The two possible values of the chromatic number of a random graph},
  author={Achlioptas, Dimitris and Naor, Assaf},
  journal={Annals of Mathematics},
  pages={1335--1351},
  year={2005},
  publisher={JSTOR}
}

@inproceedings{brito2016recovery,
  title={Recovery and rigidity in a regular stochastic block model},
  author={Brito, Gerandy and Dumitriu, Ioana and Ganguly, Shirshendu and Hoffman, Christopher and Tran, Linh V},
  booktitle={Proceedings of the twenty-seventh annual ACM-SIAM symposium on Discrete algorithms},
  pages={1589--1601},
  year={2016},
  organization={Society for Industrial and Applied Mathematics}
}

@inproceedings{bordenave2015non,
  title={Non-backtracking spectrum of random graphs: community detection and non-regular ramanujan graphs},
  author={Bordenave, Charles and Lelarge, Marc and Massouli{\'e}, Laurent},
  booktitle={2015 IEEE 56th Annual Symposium on Foundations of Computer Science},
  pages={1347--1357},
  year={2015},
  organization={IEEE}
}

@article{barucca2016spectral,
  title={Spectral partitioning in random regular blockmodels},
  author={Barucca, Paolo},
  journal={ArXiv e-prints},
  volume={1610},
  year={2016}
}

@article{coja2016chromatic,
  title={On the chromatic number of random regular graphs},
  author={Coja-Oghlan, Amin and Efthymiou, Charilaos and Hetterich, Samuel},
  journal={Journal of Combinatorial Theory, Series B},
  volume={116},
  pages={367--439},
  year={2016},
  publisher={Elsevier}
}

@article{coja2018information,
  title={Information-theoretic thresholds from the cavity method},
  author={Coja-Oghlan, Amin and Krzakala, Florent and Perkins, Will and Zdeborova, Lenka},
  journal={Advances in Mathematics},
  volume={333},
  pages={694--795},
  year={2018},
  publisher={Elsevier}
}

@article{coja2009spectral,
  title={A spectral approach to analysing belief propagation for 3-colouring},
  author={Coja-Oghlan, Amin and Mossel, Elchanan and Vilenchik, Dan},
  journal={Combinatorics, Probability and Computing},
  volume={18},
  number={6},
  pages={881--912},
  year={2009},
  publisher={Cambridge University Press}
}

@article{decelle2011inference,
  title={Inference and phase transitions in the detection of modules in sparse networks},
  author={Decelle, Aurelien and Krzakala, Florent and Moore, Cristopher and Zdeborov{\'a}, Lenka},
  journal={Physical Review Letters},
  volume={107},
  number={6},
  pages={065701},
  year={2011},
  publisher={APS}
}

@article{hajek2016achieving,
  title={Achieving exact cluster recovery threshold via semidefinite programming},
  author={Hajek, Bruce and Wu, Yihong and Xu, Jiaming},
  journal={IEEE Transactions on Information Theory},
  volume={62},
  number={5},
  pages={2788--2797},
  year={2016},
  publisher={IEEE}
}

@article{hajek2016achieving-b,
  title={Achieving exact cluster recovery threshold via semidefinite programming: Extensions},
  author={Hajek, Bruce and Wu, Yihong and Xu, Jiaming},
  journal={IEEE Transactions on Information Theory},
  volume={62},
  number={10},
  pages={5918--5937},
  year={2016},
  publisher={IEEE}
}

@article{kemkes2010chromatic,
  title={On the chromatic number of random d-regular graphs},
  author={Kemkes, Graeme and P{\'e}rez-Gim{\'e}nez, Xavier and Wormald, Nicholas},
  journal={Advances in Mathematics},
  volume={223},
  number={1},
  pages={300--328},
  year={2010},
  publisher={Elsevier}
}

@article{kesten1966additional,
  title={Additional limit theorems for indecomposable multidimensional Galton-Watson processes},
  author={Kesten, Harry and Stigum, Bernt P},
  journal={The Annals of Mathematical Statistics},
  volume={37},
  number={6},
  pages={1463--1481},
  year={1966},
  publisher={JSTOR}
}

@article{kesten1967limit,
  title={Limit theorems for decomposable multi-dimensional Galton-Watson processes},
  author={Kesten, Harry and Stigum, Bernt P},
  journal={Journal of Mathematical Analysis and Applications},
  volume={17},
  number={2},
  pages={309--338},
  year={1967},
  publisher={Academic Press}
}

@article{krzakala2013spectral,
  title={Spectral redemption in clustering sparse networks},
  author={Krzakala, Florent and Moore, Cristopher and Mossel, Elchanan and Neeman, Joe and Sly, Allan and Zdeborov{\'a}, Lenka and Zhang, Pan},
  journal={Proceedings of the National Academy of Sciences},
  volume={110},
  number={52},
  pages={20935--20940},
  year={2013},
  publisher={National Acad Sciences}
}

@article{krzakala2009hiding,
  title={Hiding quiet solutions in random constraint satisfaction problems},
  author={Krzakala, Florent and Zdeborov{\'a}, Lenka},
  journal={Physical review letters},
  volume={102},
  number={23},
  pages={238701},
  year={2009},
  publisher={APS}
}

@article{luczak1991note,
  title={A note on the sharp concentration of the chromatic number of random graphs},
  author={Luczak, Tomasz},
  journal={Combinatorica},
  volume={11},
  number={3},
  pages={295--297},
  year={1991},
  publisher={Springer}
}

@inproceedings{massoulie2014community,
  title={Community detection thresholds and the weak Ramanujan property},
  author={Massouli{\'e}, Laurent},
  booktitle={Proceedings of the forty-sixth annual ACM symposium on Theory of computing},
  pages={694--703},
  year={2014},
  organization={ACM}
}

@book{mackay1979expected,
  title={The Expected Eigenvalue Distribution of a Random Labelled Regular Graph},
  author={MacKay, BD},
  year={1979},
  publisher={University of Melbourne. Department of Mathematics}
}

@article{bollobas1988chromatic,
  title={The chromatic number of random graphs},
  author={Bollob{\'a}s, B{\'e}la},
  journal={Combinatorica},
  volume={8},
  number={1},
  pages={49--55},
  year={1988},
  publisher={Springer}
}

@article{mossel2018proof,
  title={A proof of the block model threshold conjecture},
  author={Mossel, Elchanan and Neeman, Joe and Sly, Allan},
  journal={Combinatorica},
  volume={38},
  number={3},
  pages={665--708},
  year={2018},
  publisher={Springer}
}

@inproceedings{mossel2014belief,
  title={Belief propagation, robust reconstruction and optimal recovery of block models},
  author={Mossel, Elchanan and Neeman, Joe and Sly, Allan},
  booktitle={Conference on Learning Theory},
  pages={356--370},
  year={2014}
}

@inproceedings{mossel2015consistency,
  title={Consistency thresholds for the planted bisection model},
  author={Mossel, Elchanan and Neeman, Joe and Sly, Allan},
  booktitle={Proceedings of the forty-seventh annual ACM symposium on Theory of computing},
  pages={69--75},
  year={2015},
  organization={ACM}
}

@article{mossel2015reconstruction,
  title={Reconstruction and estimation in the planted partition model},
  author={Mossel, Elchanan and Neeman, Joe and Sly, Allan},
  journal={Probability Theory and Related Fields},
  volume={162},
  number={3-4},
  pages={431--461},
  year={2015},
  publisher={Springer}
}

@book{szeg1939orthogonal,
  title={Orthogonal polynomials},
  author={Szeg, Gabor},
  volume={23},
  year={1939},
  publisher={American Mathematical Soc.}
}

@article{wormald1999models,
  title={Models of random regular graphs},
  author={Wormald, Nicholas C and others},
  journal={London Mathematical Society Lecture Note Series},
  pages={239--298},
  year={1999},
  publisher={Cambridge University Press}
}

@article{friedman2008proo,
  title={A proof of Alon's second eigenvalue conjecture and related problems},
  author={Friedman, Joel},
  year={2008},
  publisher={American Mathematical Soc.}
}

@inproceedings{friedman2003proof,
  title={A proof of Alon's second eigenvalue conjecture},
  author={Friedman, Joel},
  booktitle={Proceedings of the thirty-fifth annual ACM symposium on Theory of computing},
  pages={720--724},
  year={2003},
  organization={ACM}
}

@article{decelle2011asymptotic,
  title={Asymptotic analysis of the stochastic block model for modular networks and its algorithmic applications},
  author={Decelle, Aurelien and Krzakala, Florent and Moore, Cristopher and Zdeborov{\'a}, Lenka},
  journal={Physical Review E},
  volume={84},
  number={6},
  pages={066106},
  year={2011},
  publisher={APS}
}

@inproceedings{coja2013chasing,
  title={Chasing the k-colorability threshold},
  author={Coja-Oghlan, Amin and Vilenchik, Dan},
  booktitle={2013 IEEE 54th Annual Symposium on Foundations of Computer Science},
  pages={380--389},
  year={2013},
  organization={IEEE}
}
@article{bickel2009nonparametric,
  title={A nonparametric view of network models and Newman--Girvan and other modularities},
  author={Bickel, Peter J and Chen, Aiyou},
  journal={Proceedings of the National Academy of Sciences},
  volume={106},
  number={50},
  pages={21068--21073},
  year={2009},
  publisher={National Acad Sciences}
}

@inproceedings{banks2016information,
  title={Information-theoretic thresholds for community detection in sparse networks},
  author={Banks, Jess and Moore, Cristopher and Neeman, Joe and Netrapalli, Praneeth},
  booktitle={Conference on Learning Theory},
  pages={383--416},
  year={2016}
}

@article{alon2007non,
  title={Non-backtracking random walks mix faster},
  author={Alon, Noga and Benjamini, Itai and Lubetzky, Eyal and Sodin, Sasha},
  journal={Communications in Contemporary Mathematics},
  volume={9},
  number={04},
  pages={585--603},
  year={2007},
  publisher={World Scientific}
}

@article{CIT-067,
url = {http://dx.doi.org/10.1561/0100000067},
year = {2018},
volume = {14},
journal = {Foundations and Trends® in Communications and Information Theory},
title = {Community Detection and Stochastic Block Models},
doi = {10.1561/0100000067},
issn = {1567-2190},
number = {1-2},
pages = {1-162},
author = {Emmanuel Abbe}
}

@incollection{achlioptas2004chromatic,
  title={The chromatic number of random regular graphs},
  author={Achlioptas, Dimitris and Moore, Cristopher},
  booktitle={Approximation, Randomization, and Combinatorial Optimization. Algorithms and Techniques},
  pages={219--228},
  year={2004},
  publisher={Springer}
}

@inproceedings{abbe2016crossing,
  title={Crossing the KS threshold in the stochastic block model with information theory},
  author={Abbe, Emmanuel and Sandon, Colin},
  booktitle={2016 IEEE International Symposium on Information Theory (ISIT)},
  pages={840--844},
  year={2016},
  organization={IEEE}
}

@inproceedings{abbe2016achieving,
  title={Achieving the KS threshold in the general stochastic block model with linearized acyclic belief propagation},
  author={Abbe, Emmanuel and Sandon, Colin},
  booktitle={Advances in Neural Information Processing Systems},
  pages={1334--1342},
  year={2016}
}

@article{abbe2015detection,
  title={Detection in the stochastic block model with multiple clusters: proof of the achievability conjectures, acyclic BP, and the information-computation gap},
  author={Abbe, Emmanuel and Sandon, Colin},
  journal={arXiv preprint arXiv:1512.09080},
  year={2015}
}

@inproceedings{abbe2015community,
  title={Community detection in general stochastic block models: Fundamental limits and efficient algorithms for recovery},
  author={Abbe, Emmanuel and Sandon, Colin},
  booktitle={2015 IEEE 56th Annual Symposium on Foundations of Computer Science},
  pages={670--688},
  year={2015},
  organization={IEEE}
}

@article{abbe2017community,
  title={Community detection and stochastic block models: recent developments},
  author={Abbe, Emmanuel},
  journal={The Journal of Machine Learning Research},
  volume={18},
  number={1},
  pages={6446--6531},
  year={2017},
  publisher={JMLR. org}
}

@inproceedings{feigerandom3sat,
  title={Relations between average case complexity and approximation complexity},
  author={Feige, Uriel},
  booktitle={Proceedings of the thiry-fourth annual ACM symposium on Theory of computing},
  pages={534--543},
  year={2002},
  organization={ACM}
}

@inproceedings{feige1998heuristics,
  title={Heuristics for finding large independent sets, with applications to coloring semi-random graphs},
  author={Feige, Uriel and Kilian, Joe},
  booktitle={Proceedings 39th Annual Symposium on Foundations of Computer Science (Cat. No. 98CB36280)},
  pages={674--683},
  year={1998},
  organization={IEEE}
}

@article{blum1995coloring,
  title={Coloring random and semi-random k-colorable graphs},
  author={Blum, Avrim and Spencer, Joel},
  journal={Journal of Algorithms},
  volume={19},
  number={2},
  pages={204--234},
  year={1995},
  publisher={Elsevier}
}

@article{coja2005lovasz,
  title={The Lov{\'a}sz number of random graphs},
  author={Coja-Oghlan, Amin},
  journal={Combinatorics, Probability and Computing},
  volume={14},
  number={4},
  pages={439--465},
  year={2005},
  publisher={Cambridge University Press}
}

@article{cai2015robust,
  title={Robust and computationally feasible community detection in the presence of arbitrary outlier nodes},
  author={Cai, T Tony and Li, Xiaodong and others},
  journal={The Annals of Statistics},
  volume={43},
  number={3},
  pages={1027--1059},
  year={2015},
  publisher={Institute of Mathematical Statistics}
}

@incollection{awasthi2012improved,
  title={Improved spectral-norm bounds for clustering},
  author={Awasthi, Pranjal and Sheffet, Or},
  booktitle={Approximation, Randomization, and Combinatorial Optimization. Algorithms and Techniques},
  pages={37--49},
  year={2012},
  publisher={Springer}
}

@inproceedings{makarychev2016learning,
  title={Learning communities in the presence of errors},
  author={Makarychev, Konstantin and Makarychev, Yury and Vijayaraghavan, Aravindan},
  booktitle={Conference on Learning Theory},
  pages={1258--1291},
  year={2016}
}

@inproceedings{kumar2010clustering,
  title={Clustering with spectral norm and the k-means algorithm},
  author={Kumar, Amit and Kannan, Ravindran},
  booktitle={2010 IEEE 51st Annual Symposium on Foundations of Computer Science},
  pages={299--308},
  year={2010},
  organization={IEEE}
}

@incollection{agarwal2017multisection,
  title={Multisection in the stochastic block model using semidefinite programming},
  author={Agarwal, Naman and Bandeira, Afonso S and Koiliaris, Konstantinos and Kolla, Alexandra},
  booktitle={Compressed Sensing and its Applications},
  pages={125--162},
  year={2017},
  publisher={Springer}
}

@article{banks2017lov,
  title={The Lov$\backslash$'asz Theta Function for Random Regular Graphs and Community Detection in the Hard Regime},
  author={Banks, Jess and Kleinberg, Robert and Moore, Cristopher},
  journal={arXiv preprint arXiv:1705.01194},
  year={2017}
}

@article{newman2014equitable,
  title={Equitable random graphs},
  author={Newman, MEJ and Martin, Travis},
  journal={Physical Review E},
  volume={90},
  number={5},
  pages={052824},
  year={2014},
  publisher={APS}
}
@article{montanari2015semidefinite,
  title={Semidefinite programs on sparse random graphs and their application to community detection},
  author={Montanari, Andrea and Sen, Subhabrata},
  journal={arXiv preprint arXiv:1504.05910},
  year={2015}
}

@article{coja2010graph,
  title={Graph partitioning via adaptive spectral techniques},
  author={Coja-Oghlan, Amin},
  journal={Combinatorics, Probability and Computing},
  volume={19},
  number={2},
  pages={227--284},
  year={2010},
  publisher={Cambridge University Press}
}

@inproceedings{moitra2016robust,
  title={How robust are reconstruction thresholds for community detection?},
  author={Moitra, Ankur and Perry, William and Wein, Alexander S},
  booktitle={Proceedings of the forty-eighth annual ACM symposium on Theory of Computing},
  pages={828--841},
  year={2016},
  organization={ACM}
}

@article{guedon2016community,
  title={Community detection in sparse networks via Grothendieck’s inequality},
  author={Gu{\'e}don, Olivier and Vershynin, Roman},
  journal={Probability Theory and Related Fields},
  volume={165},
  number={3-4},
  pages={1025--1049},
  year={2016},
  publisher={Springer}
}

@article{chen2014clustering,
  title={Clustering partially observed graphs via convex optimization},
  author={Chen, Yudong and Jalali, Ali and Sanghavi, Sujay and Xu, Huan},
  journal={The Journal of Machine Learning Research},
  volume={15},
  number={1},
  pages={2213--2238},
  year={2014},
  publisher={JMLR. org}
}

@inproceedings{makarychev2012approximation,
  title={Approximation algorithms for semi-random partitioning problems},
  author={Makarychev, Konstantin and Makarychev, Yury and Vijayaraghavan, Aravindan},
  booktitle={Proceedings of the forty-fourth annual ACM symposium on Theory of computing},
  pages={367--384},
  year={2012},
  organization={ACM}
}

@article{coja2007solving,
  title={Solving NP-hard semirandom graph problems in polynomial expected time},
  author={Coja-Oghlan, Amin},
  journal={Journal of Algorithms},
  volume={62},
  number={1},
  pages={19--46},
  year={2007},
  publisher={Elsevier}
}

@inproceedings{krivelevich2006semirandom,
  title={Semirandom models as benchmarks for coloring algorithms},
  author={Krivelevich, Michael and Vilenchik, Dan},
  booktitle={2006 Proceedings of the Third Workshop on Analytic Algorithmics and Combinatorics (ANALCO)},
  pages={211--221},
  year={2006},
  organization={SIAM}
}

@inproceedings{coja2004coloring,
  title={Coloring semirandom graphs optimally},
  author={Coja-Oghlan, Amin},
  booktitle={International Colloquium on Automata, Languages, and Programming},
  pages={383--395},
  year={2004},
  organization={Springer}
}

@article{feige2001heuristics,
  title={Heuristics for semirandom graph problems},
  author={Feige, Uriel and Kilian, Joe},
  journal={Journal of Computer and System Sciences},
  volume={63},
  number={4},
  pages={639--671},
  year={2001},
  publisher={Elsevier}
}

@article{feige2000finding,
  title={Finding and certifying a large hidden clique in a semirandom graph},
  author={Feige, Uriel and Krauthgamer, Robert},
  journal={Random Structures \& Algorithms},
  volume={16},
  number={2},
  pages={195--208},
  year={2000},
  publisher={Wiley Online Library}
}

@article{ben2001short,
  title={Short proofs are narrow—resolution made simple},
  author={Ben-Sasson, Eli and Wigderson, Avi},
  journal={Journal of the ACM (JACM)},
  volume={48},
  number={2},
  pages={149--169},
  year={2001},
  publisher={ACM}
}

@article{abbe2017community,
  title={Community detection and stochastic block models: recent developments},
  author={Abbe, Emmanuel},
  journal={The Journal of Machine Learning Research},
  volume={18},
  number={1},
  pages={6446--6531},
  year={2017},
  publisher={JMLR. org}
}